2422 3976
98 194 163 259 140
187 194 234 249 lll.
246 193 321 249 GAII
332 192 476 250 CLAUDII
486 192 621 249 huson.
631 192 775 248 GALBAE
785 192 891 249 ΤΕΜΡ.
901 192 999 249 Iulus
1009 192 1109 250 CONS.

442 380 489 439 De
511 381 765 440 substitutionibus.

185 488 228 553 5?
266 488 336 554 Gai.
359 491 389 571 2,
414 491 485 555 178.
521 527 558 537 -
593 539 627 554 ..
660 488 783 554 Sabino
817 490 946 574 quidem
978 491 1109 575 placuit,

97 578 250 662 quamdiu
279 600 407 643 cernere
435 585 469 643 et
493 600 530 643 eo
555 579 651 643 modo
675 577 768 643 heres
791 579 860 642 fieri
884 579 990 663 possit
1013 579 1110 664 prior,

96 667 224 731 etiamsi
252 689 311 750 pro
338 667 454 732 herede
484 667 635 752 gesserit,
662 671 860 732 nontamen
883 667 1014 733 admitti
1037 669 1110 733 sub-

97 756 263 840 stitutum,
292 778 364 821 oum
392 777 466 820 vero
496 757 595 821 cretio
620 756 713 820 finita
736 757 793 841 sit,
819 761 888 820 tum
911 778 970 840 pro
994 756 1110 822 herede

97 848 228 930 gerente
252 845 380 909 admitti
404 844 624 910 substitutum.
666 845 737 909 aliis
765 867 841 909 vero
864 845 988 928 placuit
1013 847 1111 911 etiam

98 937 270 1018 superante
297 935 440 999 cretione
467 955 563 1017 posse
592 955 665 997 eum
690 955 748 1016 pro
771 932 888 997 herede
912 935 1054 1018 gerendo
1078 935 1111 999 in

96 1024 222 1107 partem
242 1023 453 1086 substitutum
474 1022 645 1088 admittere
664 1026 696 1086 et
716 1023 855 1106 amplius
875 1022 916 1086 ad
934 1023 1110 1088 cretionem

95 1112 213 1176 reverti
236 1132 302 1175 non
323 1133 427 1195 posse.

186 1201 215 1266 6.
249 1199 318 1264 Gai.
333 1201 363 1284 2,
380 1200 442 1265 179
454 1222 500 1283 sq.
529 1234 567 1245 —
597 1198 723 1263 Liberis
750 1199 871 1264 nostris
898 1200 1112 1284 inpuberibus

98 1311 178 1374 quos
205 1289 240 1354 in
267 1293 430 1371 potestate
458 1289 614 1352 hebemus
721 1288 915 1351 substituere
939 1310 1111 1372 possumus

95 1425 163 1462 ...,
192 1381 228 1442 ut
256 1377 385 1441 etiamsi
412 1377 545 1441 heredes
573 1375 668 1440 nobis
691 1375 857 1441 extiterint
881 1379 913 1440 et
936 1377 1042 1443 adhuc
1064 1379 1111 1443 in·

96 1467 233 1550 puberes
257 1465 377 1531 mortui
399 1465 529 1549 fuerint,
552 1466 596 1529 sit
618 1465 658 1528 iis
682 1465 800 1550 aliquis
823 1464 917 1529 heres
1014 1489 1112 1552 quam

96 1555 137 1620 ob
156 1577 224 1620 rem
245 1553 307 1619 duo
327 1553 564 1640 quodammodo
580 1556 655 1618 sunt
668 1557 874 1637 testamenta,
895 1554 982 1618 aliud
996 1557 1112 1639 patris,

97 1643 183 1708 aliud
215 1642 287 1724 filii,
320 1646 484 1726 tamquam
517 1642 545 1706 si
578 1643 647 1727 ipse
679 1643 763 1707 filius
794 1643 858 1707 sibi
884 1643 1036 1708 heredem
1065 1644 1112 1708 in·

96 1731 256 1796 stituisset
279 1780 311 1796 ..

184 1843 305 1902 Proculi
325 1841 504 1902 sententiam
523 1841 633 1903 Gaium
650 1844 762 1901 referre
781 1842 895 1902 indicat
913 1840 950 1902 D.
958 1845 1011 1917 42,
1021 1845 1112 1922 5,28,

95 1951 154 2009 quo
182 1932 248 1992 looo
270 1931 297 1990 is
321 1932 373 2008 qui
396 1930 572 1991 Iauolenum
594 1931 736 2007 consulit,
765 1931 822 1990 ait:
852 1925 1111 2009 ‘praeceptoribus

95 2022 155 2080 tuis
182 2021 294 2098 placet,
321 2039 415 2078 unum
443 2038 508 2080 esse
530 2015 766 2080 testamentum'.
813 2019 849 2080 cf.
870 2019 925 2079 Gai
948 2020 1043 2082 rerba
1066 2039 1112 2082 se·

95 2109 219 2219 quentia
243 2103 308 2168 ‘aut
331 2111 422 2168 certe.
434 2129 529 2168 unum
548 2112 594 2168 est
611 2110 828 2168 testamentum
847 2109 976 2168 duarum
993 2110 1113 2170 heredi·

95 2202 213 2258 tatum·
263 2287 310 2346 De
332 2288 513 2361 adquirenda
535 2287 579 2345 cet
602 2287 755 2345 omittenda
779 2287 939 2345 hereditate.

185 2398 227 2461 7⁸.
251 2395 319 2462 Gai.
329 2398 359 2481 2,
369 2398 420 2462 36.
432 2397 483 2461 37.
503 2432 544 2442 -
566 2395 775 2460 Testamento
799 2445 823 2461 ..
848 2395 988 2478 scriptus
1012 2398 1109 2462 heres

96 2490 170 2550 ante
194 2486 317 2550 aditam
342 2486 470 2570 quidem
493 2485 704 2548 hereditatem
727 2486 762 2547 in
782 2485 852 2548 iure
871 2484 1012 2550 cedendo
1038 2508 1112 2552 eam

96 2574 152 2637 alii
167 2574 249 2638 nihil
260 2575 343 2658 agit3
355 2576 554 2657 posteavero
570 2595 666 2657 quam
678 2572 794 2636 adierit
810 2574 838 2637 si
854 2573 955 2657 cedat,
972 2595 1011 2637 ea
1028 2577 1113 2640 aeci-

95 2663 185 2746 dunt,
199 2685 280 2746 quae
294 2662 440 2745 proxime
455 2662 594 2726 diximus
610 2662 648 2725 de
663 2683 701 2726 eo
716 2661 756 2724 ad
776 2683 871 2744 quem
891 2662 931 2725 ab
951 2662 1113 2729 intestato

96 2751 239 2832 legitimo
266 2751 334 2814 iure
357 2751 498 2833 pertinet
520 2750 695 2831 hereditas,
724 2751 850 2833 sipost
875 2750 1113 2834 obligationem

95 2839 172 2922 <in>
195 2840 263 2902 iure
287 2839 380 2903 cedat
399 2834 457 2925 (so.
477 2838 591 2904 ‘nihilo
611 2839 718 2903 minus
737 2839 805 2922 ipse
827 2838 921 2902 heres
941 2847 1114 2921 permanet

95 2930 128 2991 et
155 2927 196 2990 ob
225 2927 257 2989 id
285 2927 498 2992 creditoribus
526 2928 701 3010 tenebitur,
729 2928 839 2992 debita
867 2949 944 2992 vero
971 2935 1112 3012 pereunt

96 3036 197 3100 eoque
221 3015 317 3081 modo
341 3016 502 3080 debitores
525 3016 711 3080 hereditarii
734 3018 858 3080 lucrum
878 3017 1017 3100 faciunt,
1042 3040 1112 3084 cor·

94 3126 175 3188 pora
203 3125 279 3168 vero
308 3105 376 3169 eius
403 3104 592 3169 hereditatis
620 3105 753 3188 proinde
776 3109 945 3169 transeunt
969 3105 1011 3169 ad
1036 3129 1111 3172 eum

95 3193 145 3257 cui
169 3213 259 3257 cessa
282 3196 332 3256 est
353 3192 525 3278 hereditas,
548 3215 584 3258 ae
608 3200 635 3258 si
660 3195 688 3257 ei
712 3194 841 3278 singula
863 3193 898 3257 in
921 3194 990 3259 iure
1016 3217 1111 3261 cessa

93 3278 268 3365 fuissent').
314 3282 398 3346 idem
426 3286 458 3345 et
485 3282 525 3347 de
551 3283 739 3347 necessariis
764 3282 935 3346 heredibus
960 3283 1110 3349 diversae

95 3371 224 3435 scholae
249 3374 394 3436 auctores
419 3371 619 3453 existimant,
643 3371 728 3455 quod
752 3371 833 3435 nihil
857 3371 987 3436 uidetur
1010 3373 1112 3439 inter·

95 3480 175 3542 esse,
197 3463 305 3523 utrum
329 3459 491 3545 aliquis>
515 3459 660 3523 adeundo
684 3460 900 3524 hereditatem
923 3460 982 3526 fiat
1005 3462 1111 3547 heres,

96 3569 137 3611 an
160 3547 280 3613 invitus
304 3549 431 3613 existat.
