2422 3976
458 185 484 236 δ.
502 179 622 236 TITIUS
640 179 772 237 Amano
1055 182 1120 247 379

197 342 250 407 12.
272 340 312 408 D.
330 342 408 409 ibid.
426 346 446 425 ξ
462 343 512 409 11.
539 378 578 391 ·-
603 342 693 409 Vasa
716 366 843 430 quoqne
866 346 1022 428 penuaria
1042 347 1121 430 quin

109 430 342 516 contineantur,
362 431 453 497 nulla
471 432 630 499 dubitatio
650 438 708 498 est.
745 433 857 498 Aristo
877 437 986 499 autem
1005 435 1121 501 scribit

107 518 194 585 dolia
214 542 282 585 non
306 521 475 587 contineri.

478 652 526 710 Dc
547 655 622 711 vesto
643 652 746 726 tapeta.

195 751 248 817 13.
270 750 311 817 D.
321 752 375 837 34,
388 754 419 834 2,
432 752 484 837 25,
500 753 529 817 1.
566 751 724 836 Ulpianus
742 753 827 817 libro
848 753 1119 838 quadragensimo

100 843 221 925 'quarto
249 841 291 906 ad
319 839 475 907 Sabinum
501 840 552 928 (P.
571 837 700 929 nalal).
725 877 771 889 —
798 839 909 907 Aristo
937 843 1038 907 etiam
1066 864 1119 909 co·

99 929 216 1011 ‘actilia
238 930 322 995 vesti
345 931 456 996 cedere
480 931 527 995 ait
546 934 580 995 et
596 931 778 1016 tegimenta
795 930 1022 1014 supselliorum
1041 932 1118 998 huic

103 1017 215 1104 legato
239 1017 359 1085 cedere.

455 1132 503 1191 De
525 1132 640 1192 ancillis
661 1133 769 1206 leontia

195 1231 247 1296 14.
274 1231 313 1296 D.
333 1232 386 1317 30,
402 1233 447 1298 45
454 1255 503 1317 pr.
547 1232 747 1316 Pomponius
774 1232 856 1297 libro
881 1237 972 1298 sexto
997 1233 1038 1298 ad
1061 1230 1117 1299 Sa·

102 1318 218 1385 bmnm
245 1315 296 1406 (P.
313 1321 404 1406 498).
433 1357 471 1368 —
489 1318 538 1409 'si
571 1344 589 1385 a
621 1322 797 1387 substituto
829 1321 948 1406 pupilli
979 1322 1116 1388 ancillas

101 1408 164 1473 tibi
184 1408 347 1493 legassem
366 1430 484 1494 easque
502 1415 540 1475 tn
558 1431 577 1474 a
595 1409 719 1496 pupillo
739 1410 871 1474 emisses
891 1414 924 1474 et
942 1414 1117 1496 antequam

100 1496 203 1563 scires
225 1497 291 1562 tibi
311 1497 438 1583 legatas
462 1520 532 1564 esse
555 1498 757 1576 alienareris,
780 1499 857 1563 utile
880 1500 1023 1583 legatum
1043 1503 1115 1565 ess'c

100 1583 258 1652 Neratius
282 1591 315 1652 et
337 1586 450 1653 Aristo
474 1591 507 1652 et
530 1586 644 1653 Ofilius
667 1589 817 1671 probant

330 1769 378 1829 De
400 1771 589 1830 monumento
606 1772 767 1844 piscatorio
790 1771 888 1845 leyato.

95 1896 98 1901 ·
192 1870 244 1936 15.
272 1869 311 1934 D.
325 1871 377 1951 33,
393 1871 421 1952 7,
437 1871 488 1948 17,
505 1870 532 1934 1.
577 1869 761 1935 Marcianus
790 1870 875 1935 libro
899 1872 1037 1954 septimo
1061 1873 1114 1938 In·

99 1960 310 2025 stitutionnm
337 1955 495 2046 (P.123).
519 1995 562 2006 -
584 1957 805 2025 Instrumento
833 1960 1010 2043 piscatorio
1038 1983 1114 2026 con-

96 2048 198 2114 tineri
217 2046 329 2113 Aristo
353 2049 400 2112 ait
422 2048 594 2132 naucellas,
617 2069 698 2132 quae
721 2049 859 2131 piscium
881 2049 1112 2132 capiendorum

97 2159 201 2203 cansa
224 2140 432 2220 comparatae
457 2139 540 2202 sunt.

472 2319 519 2378 Dc
541 2320 632 2394 tapeto
655 2320 748 2379 doit.
800 2341 811 2352 ·

192 2420 243 2486 16.
266 2419 306 2485 D.
320 2420 374 2506 30,
387 2421 429 2486 28
437 2441 485 2504 pr.
524 2417 684 2503 Ulpianus
708 2420 792 2485 libro
815 2441 901 2484 nono
925 2420 1048 2485 decimo
1072 2422 1113 2486 ad

97 2506 259 2576 Sabinum
278 2504 327 2596 (P.
342 2508 453 2593 2597).
469 2545 511 2555 -
528 2507 563 2573 Si
582 2508 734 2573 creditori
752 2530 833 2591 meo,
851 2511 940 2572 tutus
960 2508 1113 2575 adversus

97 2618 175 2665 oum
193 2598 392 2683 exceptione,
409 2597 443 2661 id
462 2597 546 2680 quod
566 2598 596 2662 ai
614 2597 714 2662 debeo
734 2596 849 2681 legem,
866 2597 946 2661 utile
967 2598 1113 2682 legatum

96 2690 163 2773 ost,
191 2687 269 2773 quia
295 2686 430 2751 remissa
456 2685 530 2770 (εἰ)
556 2686 701 2770 exceptio
724 2686 865 2768 videtur,
893 2685 976 2751 sicut
1001 2688 1112 2752 Aristo

98 2774 148 2841 ait
171 2772 205 2840 id
228 2774 314 2860 quod
336 2774 512 2840 honoraria
535 2776 661 2840 actione
685 2773 766 2839 mihi
785 2772 920 2838 debetur
939 2775 967 2839 si
984 2775 1113 2861 legetur

98 2864 197 2945 mihi,
228 2864 372 2948 legatum
404 2863 525 2947 valere,
557 2863 634 2949 quia
661 2863 764 2929 civilis
793 2862 874 2927 mihi
903 2862 998 2928 datur
1026 2866 1111 2932 actio

95 2974 159 3041 pro
182 2951 367 3019 honoraria

451 3082 498 3140 Dc
520 3082 606 3156 lopati
625 3084 765 3155 petitione.

192 3183 244 3247 17.
264 3182 302 3247 D.
312 3183 364 3266 30,
374 3183 426 3248 88.
463 3181 645 3247 Marcianus
658 3181 743 3246 libro
759 3184 850 3246 sexto
863 3180 1112 3248 Institutionum

112 3270 149 3339 P.
172 3267 262 3357 104).
285 3282 328 3318 -’
352 3320 382 3336 ..
402 3272 429 3335 si
457 3292 523 3334 non
551 3270 632 3336 alias
655 3271 759 3335 voluit
780 3274 874 3353 pater
895 3272 1015 3337 habere
1038 3293 1111 3335 eum

112 3382 157 3426 sc.
185 3359 303 3442 filium,
336 3360 389 3426 oui
420 3358 530 3423 heredi
562 3380 622 3442 pro
654 3362 749 3442 parte
780 3357 933 3425 instituto
967 3360 1111 3444 legatum

96 3469 230 3534 qnoque
261 3446 407 3534 reliquit)
440 3449 599 3532 legatum,
630 3447 694 3511 nisi
721 3448 934 3513 hereditatem
962 3448 1111 3532 retineat,

94 3541 178 3604 tuno
200 3558 304 3624 neque
323 3537 476 3602 adversus
495 3534 684 3601 coheredem
703 3536 842 3602 dandam
860 3536 890 3600 ei
908 3537 1009 3623 legati
1027 3536 1112 3620 peti-
