2422 3976
476 157 501 206 3.
520 148 682 205 MINICIUS
1021 151 1085 216 283

103 309 185 377 litoris
215 317 335 378 nomine
367 317 543 378 vindicando
571 322 779 395 consequetur.
830 319 882 379 sod
909 320 935 379 si
961 319 1087 395 pecunia

69 428 72 433 ·
102 417 146 462 uon
168 408 262 466 exstat
289 409 321 466 ct
347 407 455 466 mulier
481 407 659 482 locupletior
681 411 761 466 facta
785 411 843 479 est,
871 408 996 468 maritus
1020 427 1086 468 eam

102 493 176 565 petet3
195 494 385 572 intellegitur
404 496 482 555 enim
500 514 586 555 exre
605 497 707 555 mariti
725 496 903 571 locupletior
921 497 1002 557 facta
1021 515 1086 557 esse

102 581 195 662 mulier,
207 583 349 660 quoniam
363 582 480 643 debitor
494 584 555 643 doli
569 585 642 643 mali
656 585 829 659 exceptione
843 603 874 644 se
888 585 1085 663 tueripotest.

327 754 377 820 De
398 755 645 838 stipulationum
661 756 837 838 praetoriis.

167 862 216 930 29.
240 861 280 927 D.
289 864 320 947 3,
331 863 361 947 3,
372 862 422 927 76.
454 862 542 927 Idem
557 859 616 948 (so.
630 859 791 948 Iulianus)
810 862 894 927 libro
913 863 1026 946 quinto
1046 862 1086 927 ad

100 941 243 1016 Minicium
262 948 312 1037 (P.
323 948 411 1035 872).
433 986 471 997 —
493 950 532 1014 Ti
548 952 599 1016 ius
618 972 690 1015 cum
710 951 875 1016 absentem
894 950 1086 1036 defenderet,

100 1037 244 1105 ulisdedit
268 1042 301 1105 et
323 1041 414 1123 prius
433 1062 529 1125 quam
547 1039 701 1104 iudicium
721 1039 880 1123 acciperet
899 1040 994 1104 desiit
1012 1062 1085 1105 reus

100 1124 230 1221 solvendo
263 1150 347 1212 esse,
380 1150 476 1212 quam
509 1129 550 1193 ob
583 1150 713 1194 causam
744 1127 891 1193 defensor
917 1128 1087 1194 recusabat

100 1212 227 1282 udicium
246 1216 281 1281 in
302 1239 335 1281 se
354 1216 443 1281 reddi
462 1220 620 1301 oportere.
658 1238 786 1302 quaero,
806 1239 847 1282 an
863 1218 895 1282 id
910 1218 940 1282 ei
954 1217 1086 1282 concedi

99 1304 684 1478 gpffimfflpou53433303332
710 1304 976 1459 iiiiiiuime
990 1307 1086 1459 lli:

99 1478 218 1548 taurus
241 1486 293 1547 est
314 1486 455 1566 praetor,
479 1483 506 1546 ai
525 1504 598 1548 eum
617 1443 684 1548 noir
703 1484 844 1567 coegerit
862 1416 1016 1549 iudiciurii
1034 1504 1084 1548 ac-

98 1564 191 1656 cipere,
208 1594 281 1636 cum
301 1570 342 1635 ad
359 1568 545 1654 sponsores¹
563 1572 631 1637 eius
650 1571 691 1635 iri
709 1572 813 1655 possit
831 1576 864 1635 et
880 1571 915 1635 hi
931 1571 1085 1656 quidquid

97 1659 312 1743 peremerint,
335 1681 354 1724 a
377 1659 543 1725 defensore
567 1661 769 1725 consecuturi
794 1661 866 1725 sint.

164 1754 201 1815 of.
223 1771 315 1830 supra
337 1774 366 1829 p.
381 1755 454 1813 274.
572 1786 576 1794 ·

165 1854 229 1920 30?
252 1853 291 1919 D.
305 1855 359 1940 46,
373 1856 402 1936 8,
417 1855 469 1920 23.
500 1854 590 1919 Idem
609 1852 665 1941 (so.
685 1853 844 1942 Iulianus)
863 1854 948 1920 libro
971 1856 1085 1939 quinto

97 1954 125 2002 ex
146 1939 275 2009 Minicio
302 1940 352 2029 (Ρ.
372 1941 462 2030 873).
490 1980 532 1989 -
560 1943 755 2009 Procurator
782 1966 854 2009 oum
882 1947 1006 2027 peteret
1031 1965 1085 2028 pe·

97 2031 217 2116 cuniam,
251 2030 428 2097 ratisdcdit·
454 2032 591 2115 amplius
624 2054 687 2097 non
716 2032 796 2116 peti3
829 2036 905 2116 post
933 2031 1085 2096 iudicium

97 2123 241 2204 coeptum
256 2121 371 2199 extitit,
386 2121 441 2205 qui
456 2125 489 2185 ct
500 2123 569 2204 ipse
579 2120 802 2204 procuratorio
812 2121 941 2185 nomine
952 2120 1086 2184 eandem

96 2211 245 2281 poemiam
268 2213 393 2293 peteret
416 2259 423 2274 .
447 2209 627 2293 quaesitum
652 2216 714 2290 est,
738 2209 870 2289 cumis,
893 2209 948 2293 qui
971 2212 1086 2292 postea

47 2250 60 2353 i
96 2296 209 2382 peteret,
218 2301 409 2382 procurator
418 2319 483 2363 non
494 2302 578 2363 esset
587 2302 620 2361 et
629 2303 761 2382 propter
770 2298 832 2362 hoc
843 2297 1085 2380 exceptionibus

47 2358 54 2437 i
96 2385 305 2457 procuratoriis
320 2386 445 2451 excludi
460 2390 578 2471 posset,
591 2409 670 2450 num
683 2384 867 2469 sporcsores2
881 2386 998 2469 prioris
1012 2407 1085 2468 pro-

47 2444 53 2523 i
97 2474 231 2539 amatoris
254 2479 447 2539 tenerentur.
488 2474 681 2557 [Iulianusi]
706 2474 884 2557 respondit:
907 2473 1013 2537 verius
1037 2477 1087 2537 est

96 2566 145 2623 tlon
169 2563 309 2648 obligari
335 2560 531 2646 sponsores²;
559 2584 636 2627 nam
663 2565 699 2627 in
723 2563 931 2646 stipulatione
956 2565 1086 2626 cavetur

96 2655 146 2713 flou
164 2652 340 2736 potiturum
364 2668 450 2735 eum,
473 2651 563 2717 ouius
588 2653 625 2716 de
649 2674 687 2717 ea
709 2674 744 2716 re
769 2651 852 2715 actio
876 2650 991 2733 petitio
1014 2672 1085 2733 per·

97 2740 196 2805 reuco
221 2741 274 2823 sit,
297 2746 329 2804 et
352 2744 459 2805 ratum
482 2741 650 2805 habituros
675 2762 794 2821 omnes,
818 2740 857 2803 ad
879 2761 959 2823 quoa
979 2761 1017 2804 ea
1034 2761 1085 2803 res

95 2827 260 2895 cannetis
306 2828 359 2893 hic
388 2833 509 2912 autem,
541 2831 596 2913 qui
623 2832 812 2913 procurator
841 2849 905 2892 non
933 2831 996 2912 est,
1027 2849 1086 2893 nec

97 2914 237 2982 utonem
259 2939 318 2982 neo
340 2917 530 3001 petitionem
552 2918 671 2981 habere
696 2917 930 3002 intellegendus
955 2922 1012 2982 est.

411 3092 461 3159 De
481 3084 517 3160 irc
539 3115 603 3159 rem
625 3095 750 3159 actious.

47 3212 51 3275 ξ
166 3201 228 3266 31?
247 3199 350 3283 D.40,
362 3200 413 3285 12,
423 3201 474 3266 30.
511 3200 656 3266 Iulianus
673 3200 757 3265 libro
773 3199 886 3284 quinto
901 3221 939 3264 ex
953 3199 1085 3263 Minicio

47 3278 50 3325 ἶ
98 3268 225 3376 iptio).
245 3325 285 3335 -
305 3286 441 3353 Duobus
459 3290 644 3372 petentibus
663 3288 825 3353 hominem
843 3289 878 3352 in
897 3288 1086 3352 servitutem

152 3449 165 3496 1
184 3446 259 3502 Trio.
277 3443 461 3500 fideiussores.

151 3519 166 3568 2
185 3517 258 3572 Trio.
277 3514 460 3571 fideiussores.
