2422 3976
101 186 167 253 890
202 187 237 243 V.
255 186 405 242 NERVAE
424 185 471 240 ΕΤ
490 183 645 240 ΤΒΑΙΑΝἹ
661 181 768 239 ΤΕΜΡ.
787 180 885 238 IURIS
904 179 1081 238 CONSUL'PI

101 351 324 436 hereditatem,
346 349 529 434 legatorum
551 347 726 413 satisdatur
746 350 786 430 et,
809 347 874 412 nisi
892 345 1108 430 satisdabitur,

101 441 136 504 in
150 440 388 524 possessionem
402 438 583 523 legatorum
599 437 828 502 servandorum
844 457 944 501 causa
957 435 1109 519 mittitur3

101 551 178 593 nam
197 527 276 593 haec
295 548 422 611 quoque
441 530 572 610 praetor
589 527 721 610 perinde
740 527 830 591 salva
845 546 917 590 esse
931 524 1004 590 vult
1017 528 1109 609 atque

102 639 140 682 ea
163 638 244 701 quae
267 618 335 681 iure
359 616 445 680 civili
469 615 632 680 debentur.
674 615 759 679 idem
780 613 929 680 Aristoni
952 613 1070 698 placet.

442 791 493 858 Dc
515 795 629 859 wanno
651 792 768 875 infecto.

190 899 242 965 54.
266 899 305 965 D.
320 901 372 984 39,
386 900 416 982 2,
432 899 481 983 18,
500 900 549 963 10.
589 899 710 964 Paulus
733 898 819 963 libro
839 897 1106 982 quadragensimo

101 992 216 1054 octavo
248 989 287 1053 ad
316 989 455 1053 edietum
485 988 532 1073 (P.
552 986 642 1073 625).
664 1023 707 1034 -
731 988 809 1053 ..si
836 987 989 1053 venditor
1015 987 1106 1051 inter-

101 1078 247 1160 posuerit
262 1077 504 1162 stipulationem
520 1073 577 1163 (sc.
590 1077 699 1142 damni
712 1073 848 1162 infecti),
863 1076 963 1141 etiam
977 1075 1013 1143 id
1027 1074 1105 1140 dam·

99 1187 177 1231 num
206 1167 399 1245 continebit,
426 1165 511 1251 quod
539 1169 615 1249 post
641 1165 848 1231 traditionem
877 1165 1017 1249 emptori
1040 1183 1104 1229 con·

100 1256 221 1340 tigerit.
267 1254 351 1339 quod
376 1276 446 1320 esse
469 1254 707 1338 iniquissimum
729 1255 840 1320 Aristo
866 1254 927 1332 ait,
949 1253 1103 1338 quoniam,

101 1343 129 1408 si
153 1349 280 1430 emptor
300 1365 425 1430 quoque
449 1343 558 1408 damni
581 1343 693 1409 infecti
717 1344 891 1428 stipulatus
918 1345 1013 1424 esset,
1038 1342 1102 1405 duo-

100 1433 162 1497 bus
185 1433 365 1517 promissor
388 1432 530 1497 eiusdem
553 1433 684 1498 nomine
708 1433 910 1517 obligaretur
930 1431 1009 1512 [nisi
1026 1429 1101 1495 forte

98 1521 132 1584 id
157 1525 268 1586 contra
292 1542 326 1585 se
349 1520 477 1604 habeat,
501 1521 577 1607 quia
599 1521 635 1585 in
654 1521 716 1586 hoo
738 1522 776 1586 fit
794 1519 974 1605 stipulatio,
999 1516 1100 1605 quanti

98 1630 137 1673 ea
159 1631 211 1674 res
236 1609 311 1694 erit,
333 1613 370 1674 ut
392 1611 496 1694 possit
517 1610 619 1676 videri
642 1610 726 1675 nihil
744 1609 902 1676 interesse
921 1609 988 1674 iam
1007 1605 1100 1673 vendi·

97 1699 202 1778 toris}

423 1805 474 1872 Dc
495 1807 563 1871 iore
585 1805 781 1872 deliberandi.

186 1909 237 1976 55.
262 1910 300 1975 D.
315 1913 367 1994 29,
382 1913 412 1998 2,
427 1914 479 1978 28.
520 1911 681 1997 Ulpianus
704 1912 789 1977 libro
814 1914 930 1977 octavo
955 1909 995 1975 ad
1019 1905 1095 1974 Sabi·

95 2021 172 2063 num
198 1996 249 2087 (P.
264 1998 375 2087 3492).
398 2038 440 2048 -
466 2001 579 2066 Aristo
599 2000 765 2066 existimat
782 2003 968 2092 praetorem
988 1998 1095 2064 aditum

95 2087 286 2154 facultatem
314 2089 421 2155 facere
452 2090 568 2154 debere
595 2090 705 2193 heredi
732 2089 875 2154 rationes
899 2087 1043 2192 defuncti
1062 2083 1093 2149 ab

95 2182 529 2332 egeffirefleffiffitequem
553 2180 718 2264 deposrtae
742 2182 831 2264 sunt,
855 2178 1044 2243 deliberanti
1064 2173 1093 2237 de

95 2288 113 2328 a
183 2362 219 2419 cf.
244 2359 307 2420 Gai.
325 2365 352 2435 2,
370 2319 449 2422 167..

380 2535 429 2598 Nc
450 2536 526 2616 qaid
547 2537 582 2599 to
606 2535 667 2599 loco
684 2534 815 2618 publico.

183 2640 234 2703 56.
267 2640 307 2704 D.
326 2641 378 2720 43,
398 2642 427 2725 8,
446 2642 475 2723 2,
496 2643 522 2705 7.
575 2640 733 2724 Ulpianus
767 2640 851 2705 libro
885 2639 1088 2726 sexagensimo

96 2730 210 2790 octavo
244 2728 283 2792 ad
317 2729 457 2794 edictum
490 2729 537 2812 (P.
564 2727 674 2816 1493).
710 2765 747 2776 -
783 2727 817 2793 Si
850 2729 923 2814 quis
957 2727 1036 2814 quod
1064 2724 1088 2786 in

96 2814 226 2897 publico
246 2818 317 2882 loco
336 2819 476 2901 positum
495 2818 619 2902 habuit,
643 2819 772 2883 reficere
792 2817 904 2902 voluit,
927 2818 988 2883 hoc
1007 2817 1088 2881 inter·

95 2902 181 2967 dicto
216 2901 273 2989 (sc.
301 2928 341 2970 ne
374 2907 449 2992 quid
482 2907 516 2970 in
543 2909 613 2971 loco
642 2906 772 2990 publico
801 2903 875 2995 fiat)
903 2907 1087 2973 loconesse

94 2991 205 3056 Aristo
231 2993 277 3056 ait
301 2995 339 3058 ad
363 2995 598 3078 prohibendum
623 3017 696 3059 eum
720 2996 859 3060 reficere.

448 3172 497 3237 De
515 3173 577 3238 loco
599 3173 748 3256 reliyioao.

183 3277 235 3342 57.
263 3276 303 3342 D.
320 3280 370 3360 11,
387 3280 415 3360 7,
430 3285 450 3343 2
458 3302 505 3362 pr.
551 3279 640 3343 Idem
668 3277 725 3366 (sc.
750 3278 927 3366 Ulpianus)
953 3279 1031 3344 libro
1050 3270 1084 3368 vij

94 3367 234 3431 censimo
259 3367 373 3450 quinto
397 3368 437 3430 ad
461 3369 599 3433 edictum
619 3367 668 3454 (P.
685 3367 772 3453 724).
794 3405 832 3415 -
854 3368 977 3434 Locum
994 3358 1085 3450 <fund

93 3451 240 3539 Italicil>
269 3456 303 3518 in
331 3477 395 3540 quo
423 3477 533 3521 servus
563 3456 663 3539 (civis
692 3456 853 3541 Romani>
882 3459 1022 3543 sepultus
1047 3448 1085 3512 efll

92 3541 281 3626 religiosum
306 3565 374 3609 esse
398 3545 507 3610 Aristo
532 3547 586 3610 ait.
