2422 3976
162 195 228 260 564
531 188 807 258 ADDITAMENTA.
859 192 861 196 ·

163 360 321 423 bonorum
345 359 512 438 raptorum
535 354 652 420 iudicio
676 357 812 436 tenetur,
835 353 975 418 maxime
1000 354 1027 417 si
1048 376 1115 418 non
1134 355 1177 418 in·

163 445 340 597 tellegtebat
358 465 397 508 ex
422 443 593 526 naufragio
616 443 668 506 vel
690 403 835 507 incendio
854 443 992 515 ruinave
1010 464 1083 507 eam
1102 464 1176 508 esse.

164 536 323 599 iacentem
347 553 474 635 quoque
497 554 623 595 remex
641 525 822 617 naufragio,
845 552 927 615 quae
951 531 1120 596 fluctibus
1117 554 1175 595 ex·

163 625 258 708 pulsa
280 622 334 706 sit,
359 623 386 685 si
410 621 482 706 quis
506 620 579 685 abst
565 620 685 728 tulerit,
708 620 851 746 plerique
875 619 961 684 idem
985 623 1114 703 putant.

456 854 459 860 Ι
488 771 539 836 Dc
560 772 627 835 iare
649 735 848 836 deliberandi.

255 888 326 952 177.
356 886 413 951 .D.
432 887 485 965 30,
504 887 555 951 87.
599 885 797 970 Papinianus
813 886 897 951 libro
917 890 1035 951 octavo
1055 885 1174 952 decimo

166 976 407 1053 Quaestionum.
436 1011 479 1021 -
507 974 589 1039 Filio
621 979 722 1058 pater,
754 996 848 1058 quem
877 975 912 1039 in
927 977 1105 1058 potestate
1131 997 1174 1039 re·

164 1065 277 1143 tinuit,
313 1063 423 1127 heredi
464 1085 523 1146 pro
559 1070 652 1147 parte
687 1064 838 1128 instituto
874 1064 1020 1147 legatum
1055 1086 1174 1147 quoque

166 1152 321 1236 relinquit
421 1153 581 1216 sententia
604 1155 653 1216 est
677 1152 930 1216 existimantium
955 1152 1173 1238 denegandam

167 1243 197 1307 ei
220 1241 324 1324 legati¹
342 1240 542 1324 petitionem,
576 1240 604 1305 si
637 1241 738 1324 patris
762 1240 957 1305 abstinuerit
989 1241 1171 1306 hereditate.

256 1329 328 1394 178.
374 1327 414 1395 D.
428 1329 480 1410 29,
499 1330 528 1409 2,
548 1329 601 1410 20,
618 1331 650 1394 4.
695 1328 853 1413 Ulpianus
873 1329 957 1394 libro
974 1331 1169 1413 sexagesimo

164 1419 269 1503 primo
285 1417 326 1481 ad
340 1417 488 1497 edictum,
504 1455 545 1464 —
561 1417 758 1501 Papinianus
773 1418 888 1483 scribit
907 1417 1012 1482 filium
1026 1419 1168 1484 heredem

164 1507 351 1572 institutum
393 1507 448 1591 qui
486 1528 521 1571 se
557 1507 652 1571 bonis
689 1508 834 1591 paternis
878 1507 1039 1572 abstinuit
1078 1508 1167 1592 volgo

163 1601 279 1680 putare
313 1596 478 1679 quosdam,
501 1595 535 1676 ¹si
563 1618 582 1660 a
611 1599 697 1659 statu
725 1596 826 1660 libero
849 1595 1023 1679 pecuniam
1048 1597 1168 1680 accepit,
1202 1616 1205 1673 9

165 1707 184 1748 9
212 1683 425 1748 oreditoribus
454 1684 722 1763 conveniendum,
751 1685 819 1748 sive
845 1685 971 1749 nummi
1000 1685 1167 1768 peculiares
1203 1676 1205 1691 '

165 1772 286 1836 fuerint
314 1772 381 1836 sive
409 1794 476 1837 non
498 1772 624 1838 fuerint
610 1774 759 1856 t‚quia
771 1795 809 1836 ex
837 1772 982 1837 defuncti
1009 1774 1166 1838 voluntate

68 1906 71 1939 1
166 1860 331 1944 accipitur,
354 1860 437 1944 quod
463 1824 660 1926 condicionis
682 1850 863 1944 implendae
887 1868 986 1926 causa
1009 1863 1111 1928 datur

256 1949 328 2015 179.
375 1948 413 2013 D.
437 1949 489 2030 29,
511 1951 543 2031 4,
566 1949 619 2032 24,
644 1950 671 2014 1.
717 1950 836 2026 Paulus
863 1950 948 2015 libro
976 1951 1164 2036 sexagesimo

166 2039 207 2102 ad
222 2038 429 2102 edictum—
385 2000 494 2124 -(S'i
509 2039 649 2102 dolotut
598 2039 715 2103 tutoris
731 2039 861 2103 omiseri
861 2039 1034 2124 tpupillus
1048 2060 1164 2105 causam

165 2127 409 2191 testamentiet
437 2127 623 2229 legitimam
642 2127 800 2191 heredita
752 2132 852 2192 tatem
875 2126 1052 2212 possideat,
1075 2127 1163 2192 danda

166 2220 216 2279 est
243 2217 425 2298 legatorum
454 2217 576 2280 actio
567 2239 601 2279 ιιι
629 2215 810 2299 pupillum)
842 2217 897 2280 sed
926 2217 1050 2281 hoct
1018 2222 1050 2280 et
1076 2217 1109 2281 in
1134 2237 1161 2279 eo
1202 2264 1205 2271 .

167 2306 222 2387 qui
252 2304 353 2388 pubes
383 2308 432 2367 est
461 2304 605 2387 plerique
632 2328 674 2384 pu
676 2310 754 2368 9999
775 2306 1077 2385 observandum,u
1056 2310 1160 2388 utpro

166 2414 229 2493 qua
248 2397 321 2476 part
324 2415 340 2455 e
360 2393 566 2476 possideat,t
552 2397 709 2477 teneatur,
729 2394 876 2476 quamvis
893 2359 1027 2477 praetoi
1040 2393 1197 2479 perinde
1199 2408 1205 2445 -·

165 2482 199 2543 99
223 2503 295 2544 eum
320 2482 373 2545 det
359 2483 565 2564 tectionem,
590 2485 686 2565 atque
710 2483 738 2545 si
761 2483 884 2547 adisset
907 2483 1069 2547 hereditat
1056 2491 1122 2546 tem.

1192 2490 1197 2573 ι’

1191 2576 1196 2769 l

166 2639 214 2706 Ne
241 2642 318 2722 qaid
340 2642 374 2705 99
401 2641 530 2722 flamine
547 2641 637 2722 publ
624 2662 669 2705 999
690 2643 797 2723 ripaue
819 2643 885 2706 9999
907 2644 975 2725 999,
1005 2665 1064 2726 qao
1086 2642 1158 2706 99999

572 2751 655 2811 uua
676 2731 763 2811 9999
1191 2798 1201 2809 ,

256 2835 329 2900 180.
374 2835 414 2900 D.
446 2837 504 2918 43,
543 2837 597 2913 13,
634 2838 666 2918 1,
699 2838 727 2901 6.
774 2835 935 2920 Ulpianus
969 2839 1054 2903 libro
1089 2856 1158 2900 sexa

150 2924 315 3005 ι39999999
339 2929 454 2989 octavo
474 2888 513 2988 ad
533 2887 747 2990 edidtumoe
772 2924 929 3010 Suntqui
948 2931 1073 3009 putent,
1094 2923 1157 2988 exci-
1196 2975 1205 3012 3

166 3012 319 3093 piendum
346 3013 408 3078 hoc
436 3014 619 3078 interdicto:
648 3012 744 3166 quod
775 3014 843 3079 eius
872 3015 963 3098 ripae
986 3012 1157 3080 muniendae
1195 3035 1204 3100 ῑὍ

166 3121 264 3162 99999
287 3123 352 3165 999
376 3101 451 3184 fiet',
417 3102 658 3166 9999199999
660 3103 743 3183 9,99
775 3103 851 3186 quid
884 3103 957 3186 fiat,
988 3127 1052 3187 quo
1082 3103 1158 3168 aliter
1195 3146 1205 3183 „3

167 3211 251 3272 aqua
277 3189 366 3270 fluat,
397 3190 424 3252 si
451 3194 561 3254 tamen
585 3191 775 3254 muniendae
805 3193 895 3276 ripae
919 3215 1019 3257 causa
1042 3194 1103 3269 fiat,
1083 3190 1158 3255 tin·

164 3277 282 3341 terdict
268 3280 302 3341 to
322 3278 414 3342 locus
434 3301 499 3343 non
519 3281 571 3344 sit.
549 3280 673 3343 tsed
688 3301 745 3344 nec
764 3280 826 3344 hoc
846 3280 1042 3364 quibusdam
1060 3243 1193 3365 placeti

165 3387 398 3519 neqqp
301 3367 386 3430 enim
419 3370 508 3451 ripae
537 3390 610 3432 cum
634 3369 836 3433 incommodo
861 3370 1077 3442 accolentium
1106 3388 1158 3431 mu·
1190 3348 1204 3475 l

164 3476 236 3517 men
261 3477 297 3518 ae
322 3460 405 3519 sunt.

253 3549 288 3606 cf.
313 3549 405 3607 Lenel
429 3549 524 3609 Edict.
548 3572 575 3626 p.
602 3553 664 3637 369
688 3571 716 3610 n.
741 3553 769 3610 8.
