2422 3976
220 206 255 265 Il.
272 206 512 263 lucaaroann
530 205 761 262 SENTENTIAE
781 207 827 261 ΕΤ
844 206 950 263 LIBRI.
1024 208 1088 272 551

80 393 141 437 suo
168 370 399 455 dispensatori,
426 374 463 435 ut
490 369 594 452 daret,
623 369 796 453 stipulator
825 373 933 434 autem
958 391 1030 454 suo,
1053 374 1091 434 ut

80 460 252 545 acciperet

172 564 246 631 105.
274 563 314 629 D.
326 565 380 648 45,
395 566 423 646 1,
436 565 489 648 46,
503 565 533 628 2.
573 562 692 628 Paulus
720 564 804 628 libro
833 564 1020 630 duodecimo
1049 565 1089 629 ad

79 652 248 720 Sabinum.
271 690 315 702 -
338 651 373 719 Si
405 655 451 719 ita
483 652 656 737 stipulatus
688 652 778 717 fuero
812 652 896 717 ‘cum
928 654 1110 738 volueris’,'

81 743 213 829 qnidam
248 741 397 807 inutilem
434 763 503 806 esse
536 739 777 824 stipulationem
809 743 912 824 aiunt,
951 742 1006 806 alii
1042 742 1090 806 ita

79 831 240 916 inutilem,
263 830 292 895 si
314 837 485 914 antequam
509 831 692 912 constituae,
715 829 871 894 morieris.

173 947 246 1012 106.
274 944 312 1010 D.
326 944 379 1028 35,
393 947 422 1026 1,
436 945 488 1009 24.
524 944 612 1008 idem
636 940 693 1029 (sc.
715 942 875 1030 Iulianus)
892 946 975 1010 libro
996 947 1088 1030 quin-

79 1035 294 1121 quagensimo
314 1033 425 1117 quinto
440 1032 658 1116 Digestorum.
673 1031 802 1097 -Iure
822 1034 908 1098 cirili
922 1040 1089 1117 receptum

79 1130 133 1189 est
145 1123 294 1208 quotiens
309 1143 367 1206 per
385 1143 467 1206 eum,
485 1121 576 1186 cuius
595 1122 728 1186 interest
746 1122 965 1188 condicionem
979 1122 1088 1207 <non>

79 1211 221 1297 impleri,
241 1210 289 1293 fit,
312 1231 375 1294 quo
396 1211 502 1275 minus
521 1211 702 1294 impleatur,
722 1214 758 1273 ut
775 1211 907 1294 perinde
925 1211 1083 1276 habeatur

79 1321 118 1367 ac
153 1300 182 1365 si
209 1299 343 1383 impleta
370 1298 514 1363 condicio
542 1298 672 1382 fuisset3
704 1300 787 1383 quod
814 1299 959 1384 plerique
986 1303 1020 1364 et
1049 1300 1090 1363 ad

78 1390 191 1475 legata
204 1392 237 1452 et
251 1387 291 1452 ad
304 1386 455 1451 heredum
474 1387 692 1451 institutiones
711 1388 936 1470 perduxerunt.
968 1389 1083 1472 quibus

79 1477 237 1562 exemplis
276 1475 500 1560 stipulationes
537 1497 663 1560 quoque
697 1477 858 1540 committi
889 1477 1018 1561 quidam
1048 1528 1086 1541 ..

78 1568 289 1649 putaverunt,
316 1586 388 1629 cum
415 1585 473 1649 per
500 1564 728 1648 promissorem
756 1564 877 1629 factum
900 1571 997 1648 esset,
1021 1587 1085 1650 quo

79 1654 186 1719 minus
210 1653 385 1736 stipulator
408 1652 590 1717 condicioni
613 1659 750 1736 pareret.

172 1768 245 1833 107.
268 1765 523 1852 D.45,1,2‚2.
569 1767 689 1832 Paulus
716 1768 802 1832 libro
830 1768 1017 1833 duodecimo
1048 1769 1087 1833 ad

79 1855 246 1923 Sabinum.
258 1893 296 1903 -
314 1857 405 1922 ...si
425 1856 614 1921 divisionem
632 1878 684 1920 res
702 1857 863 1940 promissa
880 1878 946 1922 non
964 1858 1090 1940 recipit,

79 1946 183 2012 veluti
220 1945 288 2029 ria,
323 1944 456 2011 heredes
494 1944 698 2029 promissoris
732 1946 852 2029 singuli
883 1946 917 2009 in
950 1945 1089 2010 solidum

79 2038 246 2116 tenentum
276 2033 331 2098 sed
363 2055 427 2118 quo
459 2055 535 2098 casu
568 2055 650 2097 unus
683 2056 721 2098 ex
749 2033 918 2098 heredibus
951 2034 1089 2098 solidum

79 2121 291 2208 praestiterit,
318 2121 541 2206 repetitionem
568 2121 701 2186 habebit
724 2144 744 2185 a
767 2121 920 2186 coherede
944 2122 1085 2186 familiae

80 2210 287 2277 erciscundae
311 2211 439 2275 indicio.
486 2232 524 2274 ex
549 2232 612 2294 quo
637 2211 764 2293 quidem
788 2210 930 2275 accidere
953 2209 1090 2294 Pompo-

79 2299 156 2365 nius
184 2299 245 2381 ait,
273 2302 310 2363 ut
336 2303 369 2363 et
397 2299 598 2382 stipulatoris
626 2300 697 2363 riae
725 2300 776 2363 rel
798 2298 925 2363 itineris
954 2299 1089 2364 heredes

79 2388 203 2473 singuli
225 2389 261 2452 in
285 2387 425 2452 solidum
444 2387 585 2451 habeant
604 2389 771 2452 actionem.
807 2388 862 2451 sed
881 2389 1011 2471 quidam
1029 2389 1092 2453 hoc

79 2498 160 2543 casu
184 2478 330 2560 extingui
353 2477 594 2560 stipulationem
617 2479 743 2560 putant,
769 2476 843 2559 quia
865 2477 1090 2560 persingulas

80 2565 209 2650 adquiri
232 2564 371 2630 servitus
394 2586 461 2629 non
482 2568 600 2647 potest.

173 2670 247 2737 108.
274 2671 314 2735 D.
326 2672 380 2754 46,
394 2671 424 2756 3,
439 2672 490 2736 73.
526 2668 614 2733 Idem
638 2667 695 2757 (sc.
718 2671 904 2755 Marcellus)
927 2671 1010 2736 libro
1034 2672 1090 2735 tri·

80 2758 228 2847 gensimo
260 2760 366 2844 primo
398 2760 619 2844 Digestorum.
642 2795 683 2805 -
712 2757 762 2823 Ob
790 2758 853 2824 HS
878 2758 971 2823 XXX
999 2782 1090 2824 nurn-

79 2845 226 2913 morum¹
248 2849 401 2932 pecuniae
424 2848 564 2913 creditae
587 2847 806 2913 fideiussorem
829 2848 865 2912 in
882 2848 999 2932 viginti
1018 2849 1090 2913 dedi

79 2943 113 3003 et
131 2937 259 3022 pignus.
288 2957 326 3000 ex
341 2935 524 3001 venditione
542 2942 648 3001 autem
663 2937 808 3020 pignoris
824 2937 962 3000 creditor
978 2935 1092 3002 decern

79 3030 274 3092 consecutus
301 3029 363 3088 est:
391 3028 499 3091 utrum
527 3045 566 3088 ex
596 3025 802 3089 universitate
830 3025 863 3088 id
888 3025 1024 3107 decedit,
1053 3032 1090 3090 ut

78 3114 213 3200 quidam
231 3117 355 3197 putant,
377 3113 405 3177 si
426 3113 533 3177 decem
553 3112 714 3178 solvendis
734 3113 843 3178 decem
862 3112 943 3177 nihil
963 3113 1090 3176 debitor

79 3203 230 3285 dixisset,
254 3225 296 3266 an
319 3252 370 3266 ...

173 3308 258 3373 109?
277 3306 316 3372 D.
329 3307 480 3390 17,1,40.
504 3306 622 3370 Paulus
636 3306 720 3370 libro
736 3326 819 3370 nono
831 3305 870 3369 ad
885 3305 1033 3369 edictum.
1053 3342 1089 3352 -

79 3396 115 3464 Si
137 3418 197 3483 pro
220 3401 253 3461 te
275 3399 446 3481 praesente
470 3404 503 3461 et
525 3399 653 3460 vetante
678 3394 894 3477 fideiusserim,
916 3415 975 3458 nec
996 3417 1087 3459 man-

171 3577 187 3624 1
209 3570 285 3627 Trio.
309 3569 352 3625 Ob
371 3569 487 3638 triginta
505 3586 644 3624 nummos.
