2422 3976
94 222 159 289 516
465 216 738 274 sesnandum

375 380 424 447 Dc
444 400 529 463 aquo
545 380 656 463 pluvia
677 381 820 446 arcenda.

106 543 108 547 ψ
184 497 236 564 57.
264 495 304 563 D.
327 496 380 580 40,
408 496 438 578 7,
464 495 517 560 21.
560 493 760 581 Pomponius
788 495 873 560 libro
902 493 1046 579 septimo
1072 516 1108 559 ex

94 584 234 655 Plautio.
251 622 290 632 -
311 583 477 652 ...verba
494 582 577 670 legis
595 582 764 649 duodecim
781 584 970 649 tabularum
987 588 1106 650 veteres

93 674 302 761 interpretati
334 676 410 739 eunt
441 671 483 738 ‘si
514 694 598 758 aqua
628 672 740 757 pluvia
770 671 889 757 nocet,
920 669 955 737 id
992 675 1043 737 est
1069 670 1106 736 ‘si

95 785 211 831 nocere
233 761 374 847 poterit'.

465 847 515 915 De
531 849 734 932 postliminio.

185 965 237 1033 58.
260 963 300 1030 D.
323 964 376 1050 50,
399 964 451 1047 16,
480 964 547 1031 234
572 986 621 1048 pr.
670 963 760 1029 Idem
788 962 847 1052 (sc
875 961 996 1053 Gaius)
1026 965 1100 1031 libro

96 1054 235 1121 secundo
266 1055 306 1119 ad
329 1053 435 1139 legem
460 1052 628 1118 duodecim
650 1053 846 1118 tabularum
868 1089 915 1101 —-
938 1053 1028 1131 Quos
1046 1074 1099 1119 nos

95 1145 208 1209 hostes
232 1142 442 1227 appellamus,
465 1160 520 1207 eos
543 1145 667 1207 veteres
689 1141 870 1225 perduelles
892 1143 1098 1226 appellabant

95 1253 154 1316 per
168 1254 239 1299 eam
254 1230 467 1297 adiectionem
479 1229 659 1295 indicantes
674 1251 747 1295 cum
757 1228 874 1314 quibua
883 1230 1008 1296 bellum
1017 1234 1096 1296 esset

373 1403 409 1494 b)
436 1405 491 1472 De
513 1406 597 1473 iure
618 1405 839 1473 honorario.

432 1520 484 1587 De
504 1528 540 1587 ta
561 1522 611 1588 ius
631 1523 775 1588 υοσαηᾶο.

185 1637 237 1704 59.
268 1636 308 1702 D.
339 1638 370 1721 2,
402 1637 433 1715 4,
464 1637 496 1720 4,
528 1637 557 1701 2.
608 1635 769 1721 Ulpianus
800 1637 886 1703 libro
920 1638 1032 1723 quinto
1057 1634 1088 1701 ad

97 1727 245 1792 edietum.
282 1762 326 1773 -
362 1725 501 1803 Quidam
538 1729 705 1808 parentem
740 1747 842 1810 usque
878 1726 921 1791 ad
953 1727 1088 1791 tritavum

96 1815 253 1900 appellari
280 1815 380 1898 aiunt,
408 1813 590 1897 superiores
617 1814 756 1880 maiores
785 1814 863 1901 dici3
892 1815 956 1882 hoc
982 1819 1087 1881 vetere

97 1904 298 1969 existimasse
321 1901 519 1987 Pomponius
542 1900 649 1968 refert

473 2052 523 2118 De
541 2052 736 2135 postulando.

186 2169 250 2234 60?
274 2168 313 2233 D.
328 2169 358 2250 3,
375 2170 403 2250 1,
419 2169 447 2250 1,
459 2169 488 2233 6.
520 2166 677 2251 Ulpianus
696 2168 780 2233 libro
797 2173 888 2234 sexto
906 2171 947 2235 ad
963 2170 1088 2235 edictum.

100 2295 138 2304 -
165 2307 194 2324 ..
218 2280 273 2322 eos
302 2257 357 2341 qui
385 2257 513 2320 virtutis
540 2257 756 2321 ostendendae
781 2279 879 2323 eausa
902 2259 964 2324 hoc
988 2258 1089 2324 faciunt

98 2343 156 2432 (sc.
180 2367 252 2411 cum
276 2346 388 2409 bestiis
413 2341 612 2431 depugnant)
637 2346 706 2409 sine
730 2347 890 2425 mercede,
918 2370 984 2414 non
1006 2343 1088 2412 teneri

98 2435 189 2498 aiunt
216 2438 354 2517 veteres,
382 2434 444 2497 nisi
472 2434 506 2497 in
534 2435 655 2498 harena
677 2437 766 2518 passi
791 2440 866 2500 sunt
891 2458 924 2500 se
949 2432 1090 2502 honorari.
1132 2446 1134 2467 ¹

185 2535 329 2596 Veterum
356 2535 432 2594 hanc
460 2537 639 2595 sententiam
667 2555 685 2594 a
709 2537 891 2598 Triboniano
919 2539 1019 2600 fictam
1042 2551 1090 2598 esse

97 2624 219 2683 Pernioe
242 2625 362 2683 iudicat.

369 2751 430 2832 Qui
446 2773 506 2834 pro
529 2753 603 2817 aliis
624 2773 662 2816 ue
681 2755 841 2834 postulent.

187 2866 238 2931 61.
271 2866 378 2950 Spicil.
402 2865 535 2934 Solesm.
560 2868 606 2931 ed.
630 2866 721 2930 Pitra
743 2867 760 2931 Ι
787 2890 817 2952 p.
837 2871 912 2936 282.
949 2853 1091 2954 Ulpianus

97 2953 180 3019 libro
209 2955 248 3019 ad
278 2956 416 3019 edictum
441 2959 540 3020 sexte.
573 2992 615 3002 -
646 2956 835 3022 Invenimus
868 2959 954 3042 apud
987 2963 1093 3024 veteres

98 3043 241 3108 mulieris
275 3043 490 3128 appellatione
522 3045 618 3109 etiam
641 3046 783 3131 virgines
807 3048 974 3113 contineri.

477 3193 526 3258 De
548 3195 615 3259 dolo
637 3196 727 3260 mulo.

187 3300 239 3364 62.
262 3298 300 3365 Ι).
324 3300 355 3384 4,
378 3300 408 3383 3,
433 3302 460 3381 1,
485 3302 513 3366 3.
565 3299 723 3385 Ulpianus
752 3302 837 3367 libro
871 3303 1034 3369 undecimo
1062 3295 1093 3362 ad

98 3387 246 3453 edictum.
273 3424 311 3434 -
413 3393 537 3453 veteres
560 3389 670 3455 dolum
693 3391 791 3455 etiam
816 3393 938 3456 bonum
963 3388 1094 3456 dicebant

99 3481 131 3538 et
163 3498 221 3560 pro
256 3477 398 3541 sollertia
431 3477 493 3542 hoo
519 3499 638 3543 nomen
666 3479 866 3563 accipiebant
899 3479 1044 3560 [maxime
1072 3472 1093 3538 si

99 3564 253 3629 adversus
277 3565 403 3629 hostem
426 3567 651 3651 latronemque
674 3569 745 3653 quis
770 3569 1015 3649 machinetur?].
