2422 3976
107 176 213 266 556,γ
285 240 286 245 ,
474 179 752 238 consecutura,
853 188 892 255 23
951 212 953 214 -
1066 210 1075 216 ‚

181 331 282 411 'Paul
326 348 363 408 D.
393 351 449 427 35,
479 351 570 425 2,1,
600 352 618 410 9
656 343 785 411 ‘veteres
810 351 1025 427 putabant..
1041 351 1127 412 ‚sed

11 504 14 525 ,ἵ
107 440 211 501 Aristo
235 458 254 498 5
275 441 326 501 vel
328 457 413 498 erum
435 437 573 514 opimone
595 438 728 500 recessit.

196 528 281 589 Paul.
292 519 324 610 (2
325 520 366 607 )“
357 547 390 587 ιιι
403 526 480 587 Vat.
490 526 526 587 fr.
544 523 593 603 §1
615 521 659 586 ³et
676 529 792 650 veteres
809 531 922 608 putant
940 531 973 591 et
992 528 1125 590 Sabinus

105 621 140 680 55
162 616 283 678 Cassius
306 609 462 676 scribunt'.
535 639 540 649 .,

197 705 354 765 Iustinian.
400 703 432 764 (l.
455 706 485 776 6,
508 705 560 784 26,
580 706 622 765 10
640 724 684 780 pr.
712 644 921 767 dubitabatur
944 707 1028 784 apud
1046 707 1123 767 anti·

28 875 29 880 ἵ
109 814 184 875 quos
208 795 317 872 legum·
333 795 470 854 auctores
568 793 684 870 placuit
706 787 838 855 Sabino’.

197 880 469 958 1555515566,
484 883 536 958 29,
555 884 574 943 3
594 875 826 945 ’5555555555
843 883 927 960 apud
944 887 1119 946 veteres..

1 962 3 965 ’
108 978 226 1035 veteres
249 971 342 1030 animi
362 971 481 1030 turbati
503 974 628 1031 sunt..
644 970 837 1032 ,Sabiniani
842 967 1077 1034 existimabant?

197 1059 442 1143 Designabantur
455 1059 551 1141 igitur
566 1064 704 1122 veterum
721 1059 839 1122 nomine
848 1060 1000 1145 inprimis
1009 1061 1116 1123 liberae

38 1220 39 1223 ¹
107 1149 312 1226 reipublicae
334 1147 549 1208 iurisconsulti.
577 1147 658 1226 quod
674 1147 863 1209 lastinianus
884 1141 1031 1266 posteros
1047 1169 1114 1229 quc·

16 1326 20 1330 .
60 1285 61 1290 .
109 1258 167 1318 que
191 1238 293 1299 ecdem
316 1235 434 1297 nomine
457 1236 644 1316 designabat,
666 1238 777 1297 mirum
798 1256 875 1318 nen-
877 1241 973 1300 5.55
1154 1243 1158 1252 ’

197 1335 323 1396 Veteres
345 1353 405 1395 uon
428 1334 516 1394 modo
539 1334 728 1411 respondisse
752 1315 894 1396 dicuntur
913 1329 1001 1418 (usp.
1017 1337 1111 1412 1513,
1154 1322 1158 1391 l

110 1427 228 1503 6,,59.
260 1427 316 1502 41,
329 1427 356 1497 2,
372 1425 403 1498 3,
420 1423 472 1484 18.Ι
503 1426 555 1499 42,
569 1426 599 1500 4,
615 1427 644 1503 7,
659 1418 849 1491 1325555555
866 1418 1109 1527 responderunt),
1146 1469 1150 1505 3,

18 1535 19 1538 ¹
109 1514 162 1574 sed
181 1513 274 1574 etiam
292 1511 445 1589 scripsisse
464 1469 644 1614 (Masurius
644 1508 788 1573 8551555
790 1503 854 1591 ‘ait
872 1513 1108 1609 plerosqueiuu's
1142 1567 1144 1573 ,,

97 1595 219 1664 Ι5555515
252 1605 452 1665 auctores..
472 1595 673 1677 .s'oripsisse’
712 1599 789 1664 Geli.
814 1603 851 1678 5,
872 1603 931 1679 19,
954 1601 1032 1685 14.
1052 1597 1106 1662 ‘hoc
1138 1670 1139 1676 ¹

108 1691 226 1751 veteres
255 1676 449 1766 scripserunt'
472 1646 538 1766 Gai,
556 1691 591 1764 3,
616 1691 689 1751 202.
718 1684 821 1768 ³apud
831 1693 952 1752 veteres
971 1692 1105 1768 scriptun
1134 1716 1135 1719 ¹

109 1773 165 1839 est’
199 1777 310 1857 Gaia,
330 1778 401 1839 180.
448 1771 605 1854 ‘scriptum
638 1782 685 1838 est
715 1779 796 1857 apud
826 1772 956 1840 veteree’
990 1777 1102 1840 Marcell
1130 1774 1133 1853 ξ

2 1923 4 1926 .
110 1868 147 1930 D.
167 1870 220 1945 41,
241 1870 269 1945 2,
290 1869 341 1945 19,
361 1863 415 1943 1).
424 1899 426 1902 >
450 1865 566 1930 Gellius
594 1872 625 1926 et
652 1859 784 1928 ³'veteres
812 1868 973 1946 scriptores
999 1858 1100 1928 laudat’
1128 1854 1132 1934 f

110 1948 154 2038 (5,
175 1959 203 2032 6,
224 1949 280 2035 27)
304 1958 336 2016 55
357 1948 462 2016 ³libros
485 1955 622 2017 veterum
644 1951 721 2016 iuris
743 1951 930 2032 peritorum²
946 1949 991 2038 (4,
1008 1945 1099 2035 2,13).
1127 1952 1130 1968 ²

198 2055 244 2113 Ea
274 2055 393 2113 tentum
419 2038 589 2130 55555555
605 2053 770 2130 55555551,
802 2073 891 2133 quae⁴
910 2057 1045 2115 veterum
1073 2051 1098 2110 ds

107 2144 174 2203 iure
199 2142 372 2217 sententias,
395 2159 456 2201 non
474 2161 551 2219 quae
570 2141 645 2202 alias
664 2160 766 2202 eorum
785 2142 938 2219 opiniones
957 2144 1004 2203 vel
1022 2155 1097 2201 mores

108 2234 256 2308 referunt,
281 2231 383 2309 qualia
406 2234 476 2290 sunt
499 2231 534 2289 D.
556 2234 584 2309 1,
610 2233 658 2303 13,
685 2234 701 2289 1
726 2251 770 2306 pr.
797 2234 847 2304 21,
873 2236 901 2309 1,
926 2235 967 2293 23
990 2235 1018 2300 2.
1059 2229 1095 2301 23,

111 2325 137 2395 1,
159 2324 186 2380 2.
225 2323 277 2398 49,
302 2322 352 2397 16,
378 2321 428 2397 13,
451 2321 480 2380 4.
519 2322 570 2392 50,
596 2323 645 2393 16,
671 2322 742 2378 144.

407 2531 434 2592 1.
460 2528 513 2591 Ad
537 2528 596 2591 ius
617 2492 821 2611 publicum.

431 2633 432 2636 Ἴ
460 2651 509 2718 De
529 2653 618 2735 55555
641 2653 765 2716 ellare.

149 2775 151 2779 ’
199 2777 226 2841 1.
251 2776 414 2842 Censorin.
439 2776 468 2842 d.
491 2799 520 2840 n.
545 2776 574 2857 3,
598 2779 627 2841 2.
654 2811 691 2821 -
717 2775 864 2841 Eundem
889 2799 958 2842 esse
981 2774 1091 2841 Genium
1147 2872 1150 2884 .

108 2869 141 2929 ct
164 2863 281 2929 Larem
305 2866 399 2930 multi
424 2869 548 2930 veteres
571 2864 790 2948 prodiderunt.

140 3020 142 3023 .
197 2978 233 3036 ef.
256 2978 272 3035 1
294 2998 321 3053 p.
348 2979 419 3038 555.
653 3047 674 3088 .

453 3131 502 3196 De
523 3133 600 3196 ciris
621 3132 772 3197 55555555.

197 3257 226 3319 2.
250 3253 391 3320 Macrob.
415 3253 481 3321 Sat.
512 3256 540 3335 1,
565 3256 749 3338 16,19.—
769 3255 917 3320 vitabant
934 3258 1045 3320 veteres
1060 3240 1089 3310 ad
1154 3336 1155 3339 Ἴ

107 3344 193 3408 viros
218 3344 375 3408 vocandos
399 3346 497 3409 etiam
521 3345 588 3409 dies
613 3345 666 3429 qui
690 3349 798 3409 essent
816 3343 921 3409 notati
948 3344 1033 3408 rebus
1049 3332 1087 3400 ad·
1153 3341 1158 3364 ³

107 3432 219 3518 uersis,
242 3433 389 3497 vitabant
412 3433 511 3497 etiam
534 3433 632 3498 feriis.

196 3544 231 3602 cf.
254 3543 270 3602 I
292 3565 319 3620 p.
347 3546 418 3603 124.
