2422 3976
108 178 152 240 94
179 178 227 234 lll.
243 176 318 232 GAII
332 174 479 231 CLAUDII
493 173 629 232 NERON.
639 173 784 229 emese
793 175 900 231 ΤΕΜΡ.
910 175 1008 232 mals
1018 177 1096 234 OONl

107 340 260 422 cecidero,
280 345 460 422 competere
479 337 670 402 iniuriarum
690 338 849 402 actionem
864 338 1044 429 omnibus3)
1064 363 1096 407 se

106 451 170 494 non
203 450 273 493 esse
301 449 438 512 aequum
465 449 524 510 pro
554 425 676 491 maiore
703 429 809 510 parte,
841 449 939 512 quam
966 451 1027 514 pro
1057 453 1096 516 qu

107 517 255 583 dominus
288 520 352 600 est,
385 515 624 580 damnationem
652 513 722 579 fieri
748 514 866 579 Pedius
894 518 943 582 ait
970 517 1019 604 [et
1046 520 1096 586 ide

106 606 214 672 officio
238 605 352 670 iudicis
375 606 542 690 portiones
566 603 784 668 aestimandae
806 607 926 687 erunt].

505 770 552 825 Uti
565 770 718 839 possidetis.

192 884 244 948 41.
276 881 316 946 D.
335 881 388 964 43,
403 881 455 963 17,
471 883 499 963 1,
514 881 544 943 4.
589 878 749 963 Ulpianus
777 879 861 945 libro
889 885 1096 969 sexagensim

104 993 190 1037 nono
215 972 255 1036 ad
279 972 416 1036 edictum
436 969 486 1054 (P.
496 965 607 1055 1536).
628 1004 666 1014 —
688 967 750 1031 Est
772 1017 797 1032 ..
818 968 880 1034 hoc
898 971 1096 1039 interdictum

103 1061 187 1144 quod
216 1062 312 1145 volgo
336 1061 384 1124 uti
407 1058 583 1143 possidetis
606 1057 802 1142 appellatur,
829 1059 1019 1126 retinendae
1040 1084 1096 1148 pos

103 1150 269 1235 sessionis3
296 1171 373 1213 nam
401 1146 498 1213 huius
526 1148 573 1211 rei
601 1167 698 1209 eausa
725 1145 882 1231 redditur,
911 1170 953 1213 ne
981 1150 1031 1214 vis
1057 1151 1096 1216 fis

102 1239 132 1302 ei
155 1239 211 1323 qui
231 1238 385 1322 possidet,
408 1241 441 1302 et
458 1237 692 1318 consequenter
709 1235 905 1319 proponitur
922 1244 1002 1322 post
1019 1239 1096 1304 inter

102 1326 224 1392 dietum
248 1327 332 1392 unde
355 1328 396 1392 vi.
436 1325 515 1390 illud
539 1324 624 1389 enim
647 1324 791 1387 restituit
814 1324 846 1388 vi
866 1327 1022 1392 amissam
1039 1348 1096 1412 poe

102 1418 295 1499 sessionem,
336 1416 399 1480 hoc
434 1414 617 1493 interdicto,
654 1433 694 1474 ne
727 1413 898 1479 amittatur
933 1415 1095 1499 possessio

99 1504 248 1589 praetor¹
281 1503 460 1589 possidenti
487 1503 554 1566 vim
581 1500 652 1565 fieri
673 1503 772 1565 vetat.
813 1505 846 1566 et
873 1502 955 1567 illud
985 1505 1096 1590 quiden

99 1593 308 1657 interdictum
333 1594 502 1676 obpugnat
524 1611 752 1674 possessorem,
775 1589 837 1655 hoe
860 1594 979 1656 tuetur.
1023 1597 1055 1658 et
1075 1615 1096 1657 u

100 1678 218 1746 Pedius
241 1681 301 1766 ait,
330 1680 434 1745 omnis
459 1680 498 1744 de
521 1678 726 1763 possessione
749 1681 980 1746 controversia«
996 1686 1052 1746 aut
1073 1703 1096 1745 e<

98 1770 254 1853 pertinet,
282 1773 332 1853 ut,
359 1768 443 1854 quod
466 1790 532 1833 non
555 1767 770 1851 possidemus,
793 1768 888 1832 nobis
910 1770 1096 1835 restituatur

100 1864 157 1922 sut
180 1858 221 1922 ed
243 1858 314 1940 hoe,
337 1864 373 1923 ut
396 1857 534 1922 retinere
557 1857 653 1921 nobis
676 1856 775 1920 liceat
795 1857 879 1939 quod
898 1859 1096 1942 possidemus

495 2031 577 2101 Quem
594 2032 721 2099 fundum.

187 2143 240 2207 42.
272 2141 347 2207 Vat.
365 2143 404 2208 fr.
423 2144 476 2209 93.
523 2143 639 2209 Incert.
664 2149 746 2209 auct.
770 2143 808 2207 de
836 2145 950 2209 interd.
980 2183 1023 2192 -
1050 2143 1096 2207 Re

99 2231 233 2295 stitutus
257 2254 295 2296 ex
315 2233 376 2296 hoc
394 2233 565 2297 interdicto
585 2233 785 2298 ususfructus
804 2233 1014 2318 intellegitur,
1038 2255 1096 2299 eun

99 2321 220 2403 petitor
251 2321 284 2384 in
316 2320 451 2385 fundum
485 2321 644 2386 admissus
677 2323 745 2386 sine
774 2323 917 2404 periculo
947 2324 1096 2389 interdiet

99 2410 182 2473 unde
215 2409 246 2472 vi
279 2409 319 2473 ad
352 2432 423 2474 eam
456 2432 523 2473 rem
556 2412 715 2494 propositi
748 2410 866 2493 depelli
896 2435 962 2477 non
992 2415 1096 2496 potest

100 2498 184 2563 idem
209 2498 356 2563 Pedius.
381 2498 425 2561 ali
448 2498 606 2564 diversam
637 2521 766 2564 causam
792 2523 862 2566 esse
885 2501 1096 2585 possessionis

97 2607 169 2650 cum
192 2587 260 2667 ille,
284 2587 338 2672 qui
361 2608 473 2671 posses
498 2626 585 2634 —-

387 2771 432 2826 Dc
449 2774 545 2827 itinere
563 2778 678 2842 actuque
691 2775 812 2844 privato.

143 2896 146 2902 “
184 2880 237 2943 43.
261 2879 299 2943 D.
312 2881 427 2965 43,19,
439 2884 467 2962 1,
479 2884 506 2948 7.
553 2881 711 2965 Ulpianus
735 2883 819 2949 libro
844 2887 1096 2971 septuagensime

96 2968 135 3030 ad
160 2968 297 3033 edietum
320 2966 370 3055 (P.
381 2967 490 3057 1556).
510 3008 552 3016 -
571 2969 614 3052 Is,
638 2970 726 3036 cuins
750 2973 883 3038 colonus
907 2981 964 3039 aut
986 2975 1096 3059 hospes

97 3060 153 3119 aut
173 3059 245 3140 quis
265 3058 348 3123 alius
367 3059 429 3123 iter
448 3060 487 3124 ad
505 3059 638 3123 fundum
655 3060 741 3142 fecit,
758 3083 836 3126 usus
850 3062 976 3128 videtur
990 3063 1096 3130 itinere

95 3146 143 3208 vel
173 3151 247 3211 actu
276 3148 326 3211 vel
354 3149 421 3227 via,
453 3153 485 3211 et
511 3147 631 3212 idcirco
659 3149 864 3215 interdictum
892 3152 1040 3238 habebit3
1071 3155 1096 3216 el

93 3233 173 3299 haee
205 3237 252 3299 ita
279 3234 396 3300 Pedius
430 3236 543 3301 scribit
570 3242 603 3301 et
631 3238 742 3323 adicit,
774 3239 900 3304 etiamsi
929 3242 1096 3327 ignoravit,

95 3323 183 3387 euius
220 3323 339 3389 fundus
377 3329 475 3402 esset,
516 3347 574 3408 per
610 3348 704 3411 quem
741 3326 816 3410 iret,
854 3329 995 3395 retinere
1033 3353 1096 3396 eum

93 3412 290 3477 servitutem.

165 3611 179 3657 1
199 3603 250 3660 Fr.
269 3604 323 3659 hoe
342 3604 521 3661 interdictum
539 3609 641 3676 tuetur,
660 3627 695 3665 ne
713 3626 766 3663 am.
786 3629 822 3680 p,
844 3609 964 3680 denique
981 3615 1096 3681 praetor.
