2422 3976
987 184 1079 240 xxm

60 353 131 414 satis
163 354 292 413 constat.
343 349 429 410 cuius
461 350 579 430 generis
611 351 735 411 fuerunt
766 352 879 411 liberae
907 355 950 413 rei
978 355 1078 431 publi·

58 460 106 502 cae
130 439 321 516 temporibus
344 438 375 499 0.
400 438 499 516 Scipio
521 439 645 518 Nasica,
669 440 714 500 Ti.
739 439 953 519 Coruncanius,
976 442 1008 504 P.
1027 444 1077 503 Li·

58 531 154 591 cinius
194 528 335 605 Crassus,
368 527 400 589 0.
432 527 574 606 Aquilius
612 529 731 607 Gallus,
768 529 866 590 Aulus
904 529 1077 610 Cascellius,

58 620 155 696 primo
187 622 258 695 post
293 617 496 694 principatum
537 618 736 678 constitutum
773 619 892 679 saeculo
933 619 1075 683 Cocceius

57 708 166 768 Nerva.
208 706 263 766 alii
284 707 361 766 iuris
384 707 475 783 periti
498 706 592 768 libros
616 706 737 783 quidem
757 708 792 768 de
810 708 876 767 iure
894 709 977 771 cirili
996 729 1076 770 com-

56 799 237 875 posuerunt,
268 795 470 871 respondendi
501 815 572 856 vero
605 796 702 856 officio
735 815 804 856 raro
833 799 952 857 tantum
979 799 1077 859 functi

59 905 122 946 esse
141 885 293 964 videntur,
313 884 397 944 cuius
416 884 535 962 generis
553 885 612 946 viri
630 888 666 944 ut
684 885 815 946 secundo
835 889 954 946 saeculo
973 889 1076 964 plures

57 971 239 1052 extiterunt,
275 974 321 1033 ita
354 992 391 1033 ne
426 976 516 1033 antea
551 974 670 1051 quidem
701 973 818 1034 desunt.
874 978 964 1052 atque
996 977 1077 1037 inter

57 1064 172 1123 liberae
206 1063 251 1122 rei
281 1062 420 1138 publicae
450 1061 526 1123 iuris
553 1063 667 1138 peritos
695 1062 726 1122 in
753 1063 801 1122 bis
829 1063 977 1123 referendi
1005 1069 1076 1126 sunt

57 1152 199 1213 Aufidius
236 1151 371 1211 Namusa
405 1153 436 1210 et
468 1151 597 1212 Alfenus
628 1151 742 1225 Varus,
776 1152 856 1210 inter
888 1153 977 1228 primi
1007 1160 1077 1229 post

57 1241 262 1318 principatum
285 1240 485 1300 constitutum
509 1240 621 1300 saeculi
643 1240 755 1300 Fabius
779 1240 866 1300 Mela.

145 1329 184 1389 In
210 1329 412 1406 proponendis
440 1332 471 1389 et
497 1329 649 1404 responsis
677 1332 708 1388 et
731 1330 876 1388 librorum
898 1329 1076 1406 fragmentis

56 1419 265 1478 additamenta
291 1421 481 1494 posterorum
508 1421 540 1478 et
564 1418 725 1477 Iustiniani
756 1419 884 1478 maxime
911 1418 1075 1496 interpola-

55 1509 155 1568 tiones
183 1507 352 1585 detegenda
379 1509 469 1584 atque
492 1506 627 1567 tollenda
650 1511 743 1567 erant.
779 1528 839 1585 qua
862 1507 894 1567 in
916 1527 948 1566 re
973 1528 1075 1586 quam·

56 1615 148 1674 quam
175 1599 280 1656 nostra
308 1599 408 1656 aetate
435 1595 575 1655 nonnulli
602 1595 660 1656 viri
684 1596 849 1657 doctissimi
872 1600 963 1672 atque
988 1616 1074 1674 saga·

54 1685 170 1745 cissimi
193 1685 383 1762 aliquantum
406 1684 536 1745 assecuti
559 1687 642 1762 sunt,
665 1687 767 1745 tamen
789 1687 889 1745 nescio
915 1705 954 1745 an
980 1687 1076 1748 maior

55 1793 126 1850 pars
145 1773 277 1850 posteris
297 1773 492 1851 relinquenda
510 1773 559 1836 sit.
595 1774 697 1851 itaque
716 1775 747 1834 in
762 1776 819 1834 boc
834 1793 922 1850 opere
936 1778 1075 1835 veterum

56 1863 164 1940 oratic,
188 1881 266 1940 quae
290 1862 410 1940 quidem
432 1863 492 1922 iarn
515 1862 564 1924 vel
582 1868 664 1924 certo
683 1865 732 1924 vel
749 1863 947 1939 probabiliter
965 1883 983 1922 a
1000 1865 1074 1925 viris

58 1951 155 2011 doctis
181 1951 328 2011 restituta
354 1952 434 2011 esset
461 1952 511 2013 vel
542 1952 662 2012 restitui
689 1956 805 2030 posset,
832 1953 959 2029 proponi
987 1972 1074 2029 opor-

57 2039 152 2101 tabat.

145 2129 334 2205 Ubicumque
361 2129 496 2205 priorum
523 2129 715 2205 prudentium
742 2129 903 2208 librorum,
936 2130 967 2188 id
995 2130 1074 2208 quod

57 2237 117 2278 non
149 2237 219 2277 raro
251 2218 299 2291 fit,
331 2217 595 2294 interpretationes
633 2219 682 2280 vel
719 2219 867 2294 epitomae
904 2222 1024 2278 tantum
1056 2239 1074 2278 a

58 2307 189 2384 posteris
211 2307 309 2366 factae
333 2327 351 2366 a
374 2307 554 2367 Triboniano
578 2307 729 2367 adhibitae
749 2309 828 2382 suut,
851 2310 887 2366 ut
906 2326 994 2367 suurn
1013 2308 1074 2367 cui·

57 2417 114 2474 que
143 2395 345 2472 tribueretur,
371 2396 403 2454 in
431 2397 558 2474 singulis
580 2396 756 2474 fragmentis
779 2397 953 2472 posterioris
977 2397 1073 2456 oratio

57 2502 77 2545 a
99 2485 210 2562 prioris
233 2485 426 2545 discernenda
447 2488 521 2562 erat,
545 2485 623 2561 quod
642 2485 674 2544 in
691 2504 802 2562 magna
820 2487 906 2560 parte
924 2486 1074 2562 fragmen-

57 2575 161 2634 torum
183 2573 272 2632 hodie
294 2574 360 2632 ficri
382 2573 432 2634 vix
454 2577 562 2650 potest.
605 2593 665 2649 qua
689 2574 724 2633 de
747 2593 779 2633 re
803 2594 871 2633 cum
894 2574 1074 2650 generaliter

58 2663 203 2723 constitui
226 2664 367 2740 nequeat,
392 2662 428 2721 de
452 2663 579 2741 singulis
602 2663 687 2722 libris
710 2663 872 2723 videndum
896 2663 951 2720 est.

147 2752 185 2810 In
210 2751 248 2810 iis
271 2770 388 2827 quoque
411 2750 510 2830 libris,
533 2752 565 2810 in
588 2751 697 2829 quibus
720 2755 751 2811 et
773 2751 908 2827 priorum
930 2770 1075 2826 responsa

59 2841 187 2901 collecta
223 2839 399 2918 digestaque
435 2843 505 2899 sunt
537 2844 567 2900 et
599 2842 722 2916 propria
755 2840 925 2918 colligentis
957 2840 1075 2899 adiecta

59 2930 210 3006 ridentur,
229 2929 343 2988 similes
364 2928 566 2989 dubitationes
583 2930 728 3003 oriuntur,
748 2930 832 2988 cuius
847 2929 891 2988 rei
905 2929 1074 3005 exemplum

58 3019 207 3094 praebent
228 3016 332 3077 Alfeni
353 3016 429 3076 Vari
451 3018 587 3094 Digesta.

148 3107 254 3182 Neque
279 3125 329 3166 eos
352 3106 446 3167 libros
468 3107 516 3166 ius
540 3107 626 3168 civile
649 3107 846 3180 illustrantes,
868 3107 920 3182 qui
939 3124 957 3164 a
975 3125 1074 3184 gram-

58 3195 177 3255 maticis
210 3195 369 3271 compositi
403 3195 544 3256 ridentur
575 3214 653 3273 esse,
684 3196 779 3256 veluti
810 3194 891 3254 Aelii
924 3194 1003 3254 Galli
1038 3195 1073 3252 de

59 3285 220 3345 verborum
239 3284 277 3344 ad
295 3285 343 3343 ius
361 3283 449 3345 civile
467 3284 683 3360 pertinentium
702 3284 927 3363 significatione,
951 3282 1075 3342 reicien-

61 3373 113 3433 dos
136 3374 259 3450 putavi3
287 3392 338 3433 eos
360 3393 446 3449 vero,
474 3373 582 3450 quibus
605 3393 642 3433 ue
665 3373 930 3451 grammaticorum
953 3372 1074 3448 quidem

61 3481 143 3522 more
161 3481 211 3522 res
229 3464 407 3538 tractantur,
426 3463 523 3524 veluti
542 3461 669 3522 Senecae
688 3463 800 3520 librum
819 3461 855 3519 de
874 3460 1074 3534 matrimonio,

64 3553 197 3627 quamvis
220 3551 367 3612 nonnulla
387 3552 491 3613 adius
509 3551 690 3628 pertinentia
709 3552 887 3628 referantur,
912 3568 956 3609 ex.
975 3568 1022 3629 gr.
1039 3548 1078 3608 da
