2422 3976
150 205 215 270 134
227 204 275 260 ΠΙ.
285 203 362 261 GAII
371 203 520 262 CLAUDII
529 203 665 260 NERON.
675 203 820 260 GALBAE
830 203 1046 262 renelmus
1056 203 1160 262 CONS.

147 371 257 434 mento
282 368 466 451 scribserat,
495 368 611 433 deinde
633 368 681 433 ita
703 368 882 454 legaverat:
913 366 1022 433 ‘Luoio
1044 367 1161 435 Publio

147 456 308 523 Corneliis
336 457 375 522 ad
404 460 649 522 monumentum
677 478 784 520 meum
812 455 1045 522 aedificandum
1070 457 1161 523 mille

146 546 241 611 heres
272 567 362 610 meus
395 545 494 611 dato'.
543 545 716 610 Trebatius
748 544 915 629 respondit
946 566 1005 628 pro
1035 567 1073 612 eo
1102 545 1161 612 ha-

146 635 287 698 bendum
316 656 352 700 ao
381 635 408 699 ri
436 635 485 698 ita
509 635 653 719 legatum
677 637 774 715 esset,
804 633 832 698 si
856 633 1103 700 satisdedissant
1126 657 1159 700 se

146 723 193 787 ita
219 722 253 787 id
281 726 525 788 monumentum
554 743 593 787 ex
620 744 659 788 ea
684 722 820 807 pecunia
848 722 1001 788 facturos.
1051 723 1159 790 Labeo

146 811 292 876 Trebatii
315 812 507 876 sententiam
529 812 660 896 probat,
690 811 766 895 quia
787 811 868 875 haec
891 831 981 875 mens
1005 813 1159 878 testantis

146 899 270 984 fuisset,
299 905 336 965 ut
359 922 397 965 ea
420 900 557 985 pecunia
579 900 614 964 in
638 903 882 965 monumentum
908 904 1159 966 consumeretur.

146 989 231 1054 idem
255 993 288 1054 et
311 1011 372 1076 ego
396 993 428 1054 et
451 988 608 1054 Prooulus
630 989 814 1073 probamus.

235 1077 264 1143 9.
296 1078 335 1143 D.
357 1077 527 1162 35,1,69.
580 1075 680 1142 Gaius
713 1077 797 1141 libro
830 1077 927 1142 tertio
959 1075 1085 1144 decimo
1118 1078 1157 1142 ael

145 1168 250 1252 legem
269 1166 388 1232 Iuliam
411 1170 444 1231 et
461 1165 597 1251 Papiam
617 1163 666 1250 (P.
680 1162 770 1252 469).
791 1199 830 1212 -
852 1164 887 1230 si
904 1165 953 1230 ita
970 1187 1158 1250 expressum

146 1256 221 1320 erit:
254 1254 352 1321 ‘Titio
359 1307 368 1340 ,
406 1256 433 1320 si
465 1255 618 1339 voluerit,
653 1254 694 1318 do
727 1252 824 1340 lego'‚
857 1254 942 1338 apud
972 1253 1158 1322 Labeonem

146 1343 301 1410 Proculus
329 1348 422 1410 notat
444 1366 510 1409 non
533 1342 627 1407 aliter
651 1344 690 1407 ad
713 1343 865 1407 heredem
888 1343 1040 1428 legatarii
1062 1344 1157 1429 perti·

145 1454 231 1517 nere,
254 1455 352 1517 quarn
375 1433 403 1497 ai
425 1432 497 1516 ipse
520 1432 697 1516 legatarius
717 1431 857 1496 voluerit
875 1431 915 1495 ad
934 1453 969 1496 aa
988 1432 1158 1516 pertinere,
1200 1488 1203 1493 .

146 1521 222 1606 quia
245 1521 391 1587 eondioio
414 1542 571 1604 personae
593 1521 739 1585 iniuncta
761 1520 897 1585 videtur.
1201 1528 1203 1555 ⁵

237 1610 287 1675 10.
323 1608 397 1674 Vat
424 1609 461 1674 fr.
492 1610 533 1674 71
577 1606 666 1694 (Ulp.
703 1609 758 1672 lib.
790 1607 886 1673 XVII
923 1609 963 1673 ad
1002 1606 1157 1676 Sabinum

145 1696 180 1761 P.
194 1695 319 1784 255912).
333 1697 479 1782 —Apud
493 1696 675 1763 Labeonem
691 1696 796 1783 agitat
807 1733 848 1744 -
859 1697 1031 1781 pertinere,
1048 1721 1158 1784 quam·

145 1786 194 1850 vis
218 1786 375 1852 Proculus
398 1808 463 1851 non
483 1823 572 1832 -

442 1961 492 2029 De
513 1965 662 2046 emptione
684 1963 862 2028 venditione.

236 2089 287 2154 11.
324 2086 393 2152 Gai.
418 2088 452 2172 3,
481 2087 553 2153 140.
592 2124 630 2134 -
675 2086 820 2152 Pretium
853 2135 893 2152 ..
928 2089 1053 2152 eertum
1091 2108 1158 2152 esse

146 2176 254 2260 debet;
286 2199 362 2241 nam
389 2177 531 2261 alioquin
560 2177 589 2241 si
615 2178 661 2240 ita
683 2174 767 2240 inter
796 2197 856 2242 nos
886 2177 1089 2260 convenerit,
1121 2179 1157 2242 ut

147 2265 260 2348 quanti
279 2264 384 2330 Titius
403 2288 473 2330 rem
493 2265 722 2347 aestimaverit,
744 2265 829 2329 tanti
849 2266 892 2330 sit
911 2268 1030 2350 empta,
1049 2265 1155 2330 Labeo

145 2355 277 2439 negavit
304 2354 405 2419 ullam
434 2354 501 2419 rim
527 2354 591 2418 hoo
618 2353 784 2437 negotium
812 2353 945 2437 habere;
974 2352 1066 2418 ouius
1092 2354 1159 2440 opi·

148 2443 280 2508 nionem
298 2440 430 2508 Cassius
454 2441 581 2525 probat.
623 2442 736 2507 Ofilius
761 2446 793 2506 et
816 2465 887 2507 eam
910 2443 1109 2526 emptionem
1129 2446 1160 2507 et

146 2533 379 2616 venditionem,
411 2532 500 2596 ouius
525 2530 710 2616 opinionem
732 2530 888 2595 Proculus
912 2535 1040 2596 secutus
1065 2536 1125 2597 est.

492 2723 543 2791 De
564 2726 691 2809 negotiis
710 2727 811 2808 pestis.

237 2848 287 2913 12.
324 2848 363 2912 D.
387 2849 420 2927 3,
442 2846 476 2931 5,
499 2848 536 2934 9,
562 2852 589 2912 1.
644 2847 805 2934 Ulpianus
841 2849 925 2914 libro
960 2849 1087 2916 deoimo
1119 2849 1159 2915 ad

147 2937 288 3002 edietum
317 2935 366 3024 (P.
386 2934 474 3024 354).
497 2975 542 2984 -
569 2937 603 3002 Is
624 2938 728 3021 ..qui
757 2938 964 3022 negotiorum
992 2943 1159 3022 geatomm

147 3025 217 3111 agit
254 3047 318 3089 non
350 3027 453 3090 solum
487 3026 514 3090 si
548 3027 696 3090 effectum
728 3026 843 3090 habuit
871 3026 1040 3111 negotium
1074 3026 1159 3114 quod

147 3115 258 3200 gessit,
278 3114 402 3180 actione
421 3115 486 3179 ista
505 3119 623 3198 utetur,
643 3114 698 3178 sed
718 3114 846 3196 suffieit,
865 3115 893 3179 si
907 3115 1032 3180 utiliter
1047 3115 1159 3201 gessit,

148 3203 210 3268 etsi
234 3203 380 3268 effectum
404 3225 469 3269 non
487 3203 604 3268 habuit
622 3204 790 3288 negotium
806 3252 813 3266 .
828 3208 861 3267 et
878 3202 950 3268 ideo
971 3204 999 3267 si
1019 3204 1159 3270 insulam

146 3291 239 3356 fulsit
257 3292 308 3356 vel
328 3314 457 3358 servum
476 3313 610 3377 aegrum
629 3293 764 3375 curavit,
783 3291 911 3356 etiamsi
925 3292 1033 3356 insula
1047 3298 1160 3358 exusta

148 3384 199 3445 eat
221 3381 272 3444 vel
295 3403 406 3445 servus
430 3380 521 3464 obiit,
545 3384 619 3465 aget
641 3380 845 3465 negotiorum
865 3384 1041 3465 gestorum,
1064 3382 1159 3467 idque

149 3473 182 3533 et
200 3468 308 3534 Labeo
332 3470 458 3555 probat.
500 3469 556 3533 sed
578 3473 615 3533 ut
633 3467 746 3534 Celsus
768 3469 875 3553 refert,
898 3470 1055 3535 Proculus
1075 3468 1159 3555 apud

149 3579 222 3622 eum
254 3561 348 3624 notat
379 3579 446 3623 non
479 3579 604 3642 semper
636 3557 751 3622 debere
781 3557 860 3623 dari.
911 3558 986 3642 quid
1017 3558 1105 3624 enim
1131 3557 1158 3622 si
