<?xml version="1.0" encoding="UTF-8"?>
<!DOCTYPE html PUBLIC "-//W3C//DTD XHTML 1.0 Transitional//EN"
    "http://www.w3.org/TR/xhtml1/DTD/xhtml1-transitional.dtd">
<html xmlns="http://www.w3.org/1999/xhtml" xml:lang="en" lang="en">
 <head>
  <title>
</title>
<meta http-equiv="Content-Type" content="text/html;charset=utf-8" />
  <meta name='ocr-system' content='tesseract 3.04.00' />
  <meta name='ocr-capabilities' content='ocr_page ocr_carea ocr_par ocr_line ocrx_word'/>
</head>
<body>
  <div class='ocr_page' id='page_1' title='image "./iurisprudentiae01bremgoog_0377.png"; bbox 0 0 2422 3976; ppageno 0'>
   <div class='ocr_carea' id='block_1_1' title="bbox 95 181 1069 252">
    <p class='ocr_par' dir='ltr' id='par_1_1' title="bbox 95 181 1069 252">
     <span class='ocr_line' id='line_1_1' title="bbox 95 181 1069 252; baseline -0.004 -11"><span class='ocrx_word' id='word_1_1' title='bbox 95 188 160 252; x_wconf 85' lang='lat'><strong>342</strong></span> <span class='ocrx_word' id='word_1_2' title='bbox 197 187 230 241; x_wconf 87' lang='lat' dir='ltr'><strong>V.</strong></span> <span class='ocrx_word' id='word_1_3' title='bbox 248 185 398 241; x_wconf 76' lang='lat' dir='ltr'><strong>NERVAE</strong></span> <span class='ocrx_word' id='word_1_4' title='bbox 416 185 463 240; x_wconf 82' lang='grc' dir='ltr'><strong>ΕΤ</strong></span> <span class='ocrx_word' id='word_1_5' title='bbox 480 183 632 240; x_wconf 81' lang='lat' dir='ltr'><strong>TRAIANI</strong></span> <span class='ocrx_word' id='word_1_6' title='bbox 649 184 756 240; x_wconf 79' lang='lat' dir='ltr'><strong>TENP.</strong></span> <span class='ocrx_word' id='word_1_7' title='bbox 774 182 871 240; x_wconf 83' lang='lat' dir='ltr'>IURIS</span> <span class='ocrx_word' id='word_1_8' title='bbox 888 181 1069 238; x_wconf 72' lang='lat' dir='ltr'><strong>consum</strong></span> 
     </span>
    </p>
   </div>
   <div class='ocr_carea' id='block_1_2' title="bbox 96 346 1105 613">
    <p class='ocr_par' dir='ltr' id='par_1_2' title="bbox 96 346 1105 613">
     <span class='ocr_line' id='line_1_2' title="bbox 96 346 1104 435; baseline -0.003 -21"><span class='ocrx_word' id='word_1_9' title='bbox 96 350 338 435; x_wconf 79' lang='lat' dir='ltr'><strong>liberationem,</strong></span> <span class='ocrx_word' id='word_1_10' title='bbox 371 347 443 415; x_wconf 86' lang='lat' dir='ltr'><strong>Seio</strong></span> <span class='ocrx_word' id='word_1_11' title='bbox 476 354 584 415; x_wconf 90' lang='lat' dir='ltr'><strong>autem</strong></span> <span class='ocrx_word' id='word_1_12' title='bbox 613 348 846 433; x_wconf 79' lang='lat' dir='ltr'><strong>quadringenta</strong></span> <span class='ocrx_word' id='word_1_13' title='bbox 872 346 1045 432; x_wconf 76' lang='lat' dir='ltr'>legaverit,</span> <span class='ocrx_word' id='word_1_14' title='bbox 1076 347 1104 411; x_wconf 87' lang='lat' dir='ltr'><strong>ei</strong></span> 
     </span>
     <span class='ocr_line' id='line_1_3' title="bbox 98 435 1104 519; baseline -0.003 -17"><span class='ocrx_word' id='word_1_15' title='bbox 98 439 226 504; x_wconf 90' lang='lat' dir='ltr'><strong>debitor</strong></span> <span class='ocrx_word' id='word_1_16' title='bbox 248 439 299 503; x_wconf 85' lang='lat' dir='ltr'><strong>vel</strong></span> <span class='ocrx_word' id='word_1_17' title='bbox 323 438 477 503; x_wconf 87' lang='lat' dir='ltr'><strong>solvendo</strong></span> <span class='ocrx_word' id='word_1_18' title='bbox 501 460 566 503; x_wconf 90' lang='lat' dir='ltr'><strong>non</strong></span> <span class='ocrx_word' id='word_1_19' title='bbox 589 438 633 502; x_wconf 87' lang='lat' dir='ltr'><strong>sit</strong></span> <span class='ocrx_word' id='word_1_20' title='bbox 654 439 705 502; x_wconf 85' lang='lat' dir='ltr'><strong>vel</strong></span> <span class='ocrx_word' id='word_1_21' title='bbox 723 439 852 502; x_wconf 91' lang='lat' dir='ltr'><strong>centum</strong></span> <span class='ocrx_word' id='word_1_22' title='bbox 868 435 974 501; x_wconf 84' lang='lat' dir='ltr'><strong>facere</strong></span> <span class='ocrx_word' id='word_1_23' title='bbox 992 436 1104 519; x_wconf 77' lang='lat' dir='ltr'>possit,</span> 
     </span>
     <span class='ocr_line' id='line_1_4' title="bbox 96 523 1105 613; baseline -0.002 -21"><span class='ocrx_word' id='word_1_24' title='bbox 96 531 252 613; x_wconf 89' lang='lat' dir='ltr'><strong>quantum</strong></span> <span class='ocrx_word' id='word_1_25' title='bbox 285 528 420 612; x_wconf 90' lang='lat' dir='ltr'><strong>quisque</strong></span> <span class='ocrx_word' id='word_1_26' title='bbox 451 527 572 593; x_wconf 90' lang='lat' dir='ltr'><strong>habeat</strong></span> <span class='ocrx_word' id='word_1_27' title='bbox 603 527 787 591; x_wconf 85' lang='lat' dir='ltr'><strong>interventu</strong></span> <span class='ocrx_word' id='word_1_28' title='bbox 817 524 899 609; x_wconf 80' lang='lat' dir='ltr'><strong>legis</strong></span> <span class='ocrx_word' id='word_1_29' title='bbox 932 523 1105 590; x_wconf 80' lang='lat' dir='ltr'><strong>Falcidiae.</strong></span> 
     </span>
    </p>
   </div>
   <div class='ocr_carea' id='block_1_3' title="bbox 94 613 1108 1479">
    <p class='ocr_par' dir='ltr' id='par_1_3' title="bbox 94 613 1108 1479">
     <span class='ocr_line' id='line_1_5' title="bbox 95 613 1105 701; baseline -0.002 -22"><span class='ocrx_word' id='word_1_30' title='bbox 95 615 240 681; x_wconf 90' lang='lat' dir='ltr'><strong>dicebam</strong></span> <span class='ocrx_word' id='word_1_31' title='bbox 262 616 367 701; x_wconf 84' lang='lat' dir='ltr'><strong>legem</strong></span> <span class='ocrx_word' id='word_1_32' title='bbox 385 615 562 681; x_wconf 81' lang='lat' dir='ltr'><strong>Falcidiam</strong></span> <span class='ocrx_word' id='word_1_33' title='bbox 585 637 624 680; x_wconf 85' lang='lat' dir='ltr'><strong>ex</strong></span> <span class='ocrx_word' id='word_1_34' title='bbox 647 636 684 680; x_wconf 88' lang='lat' dir='ltr'><strong>eo</strong></span> <span class='ocrx_word' id='word_1_35' title='bbox 708 614 793 699; x_wconf 94' lang='lat' dir='ltr'><strong>quod</strong></span> <span class='ocrx_word' id='word_1_36' title='bbox 816 613 904 678; x_wconf 89' lang='lat' dir='ltr'><strong>refici</strong></span> <span class='ocrx_word' id='word_1_37' title='bbox 923 634 962 677; x_wconf 86' lang='lat' dir='ltr'><strong>ex</strong></span> <span class='ocrx_word' id='word_1_38' title='bbox 979 613 1105 678; x_wconf 88' lang='lat' dir='ltr'><strong>heredi·</strong></span> 
     </span>
     <span class='ocr_line' id='line_1_6' title="bbox 95 701 1103 789; baseline -0.004 -20"><span class='ocrx_word' id='word_1_39' title='bbox 95 708 164 769; x_wconf 87' lang='lat' dir='ltr'><strong>tate</strong></span> <span class='ocrx_word' id='word_1_40' title='bbox 196 707 304 789; x_wconf 90' lang='lat' dir='ltr'><strong>potest</strong></span> <span class='ocrx_word' id='word_1_41' title='bbox 336 709 485 789; x_wconf 90' lang='lat' dir='ltr'><strong>quartam</strong></span> <span class='ocrx_word' id='word_1_42' title='bbox 516 703 626 769; x_wconf 90' lang='lat' dir='ltr'><strong>heredi</strong></span> <span class='ocrx_word' id='word_1_43' title='bbox 657 704 814 786; x_wconf 88' lang='lat' dir='ltr'><strong>tribuere,</strong></span> <span class='ocrx_word' id='word_1_44' title='bbox 848 701 1015 767; x_wconf 88' lang='lat' dir='ltr'><strong>residuum</strong></span> <span class='ocrx_word' id='word_1_45' title='bbox 1049 701 1103 766; x_wconf 92' lang='lat' dir='ltr'><strong>do·</strong></span> 
     </span>
     <span class='ocr_line' id='line_1_7' title="bbox 96 792 1107 878; baseline -0.004 -20"><span class='ocrx_word' id='word_1_46' title='bbox 96 793 244 858; x_wconf 67' lang='lat' dir='ltr'><strong>mantem</strong></span> <span class='ocrx_word' id='word_1_47' title='bbox 259 794 344 857; x_wconf 87' lang='lat' dir='ltr'><strong>inter</strong></span> <span class='ocrx_word' id='word_1_48' title='bbox 357 795 532 878; x_wconf 82' lang='lat' dir='ltr'><strong>legatarios</strong></span> <span class='ocrx_word' id='word_1_49' title='bbox 547 792 748 857; x_wconf 90' lang='lat' dir='ltr'><strong>distribuere.</strong></span> <span class='ocrx_word' id='word_1_50' title='bbox 785 812 881 876; x_wconf 90' lang='lat' dir='ltr'><strong>quare</strong></span> <span class='ocrx_word' id='word_1_51' title='bbox 896 812 969 855; x_wconf 90' lang='lat' dir='ltr'><strong>cum</strong></span> <span class='ocrx_word' id='word_1_52' title='bbox 985 811 1107 855; x_wconf 88' lang='lat' dir='ltr'><strong>nomen</strong></span> 
     </span>
     <span class='ocr_line' id='line_1_8' title="bbox 94 879 1107 965; baseline -0.001 -19"><span class='ocrx_word' id='word_1_53' title='bbox 94 882 202 947; x_wconf 92' lang='lat' dir='ltr'><strong>minus</strong></span> <span class='ocrx_word' id='word_1_54' title='bbox 235 882 390 947; x_wconf 85' lang='lat' dir='ltr'><strong>solvendo</strong></span> <span class='ocrx_word' id='word_1_55' title='bbox 423 886 472 947; x_wconf 89' lang='lat' dir='ltr'><strong>est</strong></span> <span class='ocrx_word' id='word_1_56' title='bbox 502 882 538 946; x_wconf 91' lang='lat' dir='ltr'><strong>in</strong></span> <span class='ocrx_word' id='word_1_57' title='bbox 568 880 764 965; x_wconf 86' lang='lat' dir='ltr'><strong>hereditate,</strong></span> <span class='ocrx_word' id='word_1_58' title='bbox 799 880 867 944; x_wconf 90' lang='lat' dir='ltr'><strong>eius</strong></span> <span class='ocrx_word' id='word_1_59' title='bbox 900 879 988 963; x_wconf 90' lang='lat' dir='ltr'><strong>quod</strong></span> <span class='ocrx_word' id='word_1_60' title='bbox 1020 879 1107 964; x_wconf 84' lang='lat' dir='ltr'><strong>exigi</strong></span> 
     </span>
     <span class='ocr_line' id='line_1_9' title="bbox 96 967 1107 1056; baseline -0.002 -21"><span class='ocrx_word' id='word_1_61' title='bbox 96 973 205 1056; x_wconf 90' lang='lat' dir='ltr'><strong>potest</strong></span> <span class='ocrx_word' id='word_1_62' title='bbox 222 993 282 1055; x_wconf 90' lang='lat' dir='ltr'><strong>pro</strong></span> <span class='ocrx_word' id='word_1_63' title='bbox 302 974 375 1035; x_wconf 91' lang='lat' dir='ltr'><strong>rata</strong></span> <span class='ocrx_word' id='word_1_64' title='bbox 392 971 432 1034; x_wconf 91' lang='lat' dir='ltr'><strong>fit</strong></span> <span class='ocrx_word' id='word_1_65' title='bbox 449 970 644 1052; x_wconf 79' lang='lat' dir='ltr'><strong>distributio,</strong></span> <span class='ocrx_word' id='word_1_66' title='bbox 662 968 782 1034; x_wconf 84' lang='lat' dir='ltr'><strong>residui</strong></span> <span class='ocrx_word' id='word_1_67' title='bbox 798 968 942 1034; x_wconf 86' lang='lat' dir='ltr'><strong>venditio</strong></span> <span class='ocrx_word' id='word_1_68' title='bbox 956 967 1107 1034; x_wconf 86' lang='lat' dir='ltr'><strong>facienda</strong></span> 
     </span>
     <span class='ocr_line' id='line_1_10' title="bbox 96 1057 1107 1144; baseline -0.003 -20"><span class='ocrx_word' id='word_1_69' title='bbox 96 1063 161 1144; x_wconf 91' lang='lat' dir='ltr'><strong>est,</strong></span> <span class='ocrx_word' id='word_1_70' title='bbox 192 1063 229 1123; x_wconf 92' lang='lat' dir='ltr'><strong>ut</strong></span> <span class='ocrx_word' id='word_1_71' title='bbox 255 1059 288 1123; x_wconf 93' lang='lat' dir='ltr'><strong>id</strong></span> <span class='ocrx_word' id='word_1_72' title='bbox 315 1058 442 1123; x_wconf 87' lang='lat' dir='ltr'><strong>demum</strong></span> <span class='ocrx_word' id='word_1_73' title='bbox 471 1059 505 1123; x_wconf 94' lang='lat' dir='ltr'><strong>in</strong></span> <span class='ocrx_word' id='word_1_74' title='bbox 532 1058 712 1123; x_wconf 90' lang='lat' dir='ltr'><strong>hereditate</strong></span> <span class='ocrx_word' id='word_1_75' title='bbox 739 1060 957 1142; x_wconf 90' lang='lat' dir='ltr'><strong>computetur,</strong></span> <span class='ocrx_word' id='word_1_76' title='bbox 989 1057 1107 1142; x_wconf 91' lang='lat' dir='ltr'><strong>quanti</strong></span> 
     </span>
     <span class='ocr_line' id='line_1_11' title="bbox 95 1145 1108 1232; baseline -0.003 -19"><span class='ocrx_word' id='word_1_77' title='bbox 95 1169 214 1213; x_wconf 91' lang='lat' dir='ltr'><strong>nomen</strong></span> <span class='ocrx_word' id='word_1_78' title='bbox 233 1147 372 1213; x_wconf 84' lang='lat' dir='ltr'><strong>distrahi</strong></span> <span class='ocrx_word' id='word_1_79' title='bbox 389 1151 508 1232; x_wconf 90' lang='lat' dir='ltr'><strong>potest.</strong></span> <span class='ocrx_word' id='word_1_80' title='bbox 545 1146 695 1232; x_wconf 90' lang='lat' dir='ltr'><strong>...quod</strong></span> <span class='ocrx_word' id='word_1_81' title='bbox 714 1147 742 1211; x_wconf 89' lang='lat' dir='ltr'><strong>si</strong></span> <span class='ocrx_word' id='word_1_82' title='bbox 760 1146 843 1210; x_wconf 93' lang='lat' dir='ltr'><strong>nihil</strong></span> <span class='ocrx_word' id='word_1_83' title='bbox 856 1145 962 1211; x_wconf 82' lang='lat' dir='ltr'><strong>facere</strong></span> <span class='ocrx_word' id='word_1_84' title='bbox 975 1145 1108 1210; x_wconf 90' lang='lat' dir='ltr'><strong>debitor</strong></span> 
     </span>
     <span class='ocr_line' id='line_1_12' title="bbox 95 1234 1107 1321; baseline -0.004 -19"><span class='ocrx_word' id='word_1_85' title='bbox 95 1240 214 1321; x_wconf 89' lang='lat' dir='ltr'><strong>potest,</strong></span> <span class='ocrx_word' id='word_1_86' title='bbox 237 1258 336 1320; x_wconf 89' lang='lat' dir='ltr'><strong>aeque</strong></span> <span class='ocrx_word' id='word_1_87' title='bbox 355 1236 536 1302; x_wconf 90' lang='lat' dir='ltr'><strong>incentum</strong></span> <span class='ocrx_word' id='word_1_88' title='bbox 555 1235 790 1320; x_wconf 85' lang='lat' dir='ltr'><strong>quinquaginta</strong></span> <span class='ocrx_word' id='word_1_89' title='bbox 809 1238 942 1319; x_wconf 90' lang='lat' dir='ltr'><strong>accepto</strong></span> <span class='ocrx_word' id='word_1_90' title='bbox 960 1234 1107 1299; x_wconf 90' lang='lat' dir='ltr'><strong>liberan-</strong></span> 
     </span>
     <span class='ocr_line' id='line_1_13' title="bbox 95 1322 1108 1390; baseline -0.001 -1"><span class='ocrx_word' id='word_1_91' title='bbox 95 1325 153 1389; x_wconf 93' lang='lat' dir='ltr'><strong>dus</strong></span> <span class='ocrx_word' id='word_1_92' title='bbox 183 1329 241 1389; x_wconf 87' lang='lat' dir='ltr'><strong>est.</strong></span> <span class='ocrx_word' id='word_1_93' title='bbox 288 1324 327 1390; x_wconf 88' lang='lat' dir='ltr'><strong>de</strong></span> <span class='ocrx_word' id='word_1_94' title='bbox 354 1325 482 1390; x_wconf 87' lang='lat' dir='ltr'><strong>residuo</strong></span> <span class='ocrx_word' id='word_1_95' title='bbox 509 1324 727 1390; x_wconf 86' lang='lat' dir='ltr'><strong>venditionem</strong></span> <span class='ocrx_word' id='word_1_96' title='bbox 754 1323 895 1388; x_wconf 80' lang='lat' dir='ltr'><strong>nominis</strong></span> <span class='ocrx_word' id='word_1_97' title='bbox 923 1322 1108 1389; x_wconf 85' lang='lat' dir='ltr'><strong>faciendam</strong></span> 
     </span>
     <span class='ocr_line' id='line_1_14' title="bbox 95 1413 326 1479; baseline -0.009 0"><span class='ocrx_word' id='word_1_98' title='bbox 95 1413 248 1479; x_wconf 86' lang='lat' dir='ltr'><strong>Neratius</strong></span> <span class='ocrx_word' id='word_1_99' title='bbox 272 1414 326 1478; x_wconf 90' lang='lat' dir='ltr'><strong>ait.</strong></span> 
     </span>
    </p>
   </div>
   <div class='ocr_carea' id='block_1_4' title="bbox 439 1589 760 1673">
    <p class='ocr_par' dir='ltr' id='par_1_4' title="bbox 439 1589 760 1673">
     <span class='ocr_line' id='line_1_15' title="bbox 439 1589 760 1673; baseline -0.006 -18"><span class='ocrx_word' id='word_1_100' title='bbox 439 1589 489 1655; x_wconf 86' lang='lat' dir='ltr'><strong>De</strong></span> <span class='ocrx_word' id='word_1_101' title='bbox 510 1590 760 1673; x_wconf 61' lang='lat' dir='ltr'><strong>fideicommissis</strong></span> 
     </span>
    </p>
   </div>
   <div class='ocr_carea' id='block_1_5' title="bbox 94 1711 1107 2330">
    <p class='ocr_par' dir='ltr' id='par_1_5' title="bbox 94 1711 1107 2330">
     <span class='ocr_line' id='line_1_16' title="bbox 183 1711 1107 1797; baseline -0.001 -19"><span class='ocrx_word' id='word_1_102' title='bbox 183 1713 232 1778; x_wconf 87' lang='grc'><strong>16.</strong></span> <span class='ocrx_word' id='word_1_103' title='bbox 261 1712 299 1777; x_wconf 90' lang='lat' dir='ltr'><strong>D.</strong></span> <span class='ocrx_word' id='word_1_104' title='bbox 319 1713 371 1795; x_wconf 83' lang='lat'><strong>36,</strong></span> <span class='ocrx_word' id='word_1_105' title='bbox 392 1714 420 1795; x_wconf 90' lang='lat'><strong>1,</strong></span> <span class='ocrx_word' id='word_1_106' title='bbox 441 1714 470 1795; x_wconf 89' lang='lat'><strong>1,</strong></span> <span class='ocrx_word' id='word_1_107' title='bbox 491 1713 540 1778; x_wconf 88' lang='grc'><strong>19.</strong></span> <span class='ocrx_word' id='word_1_108' title='bbox 584 1711 744 1797; x_wconf 90' lang='lat' dir='ltr'><strong>Ulpianus</strong></span> <span class='ocrx_word' id='word_1_109' title='bbox 767 1712 851 1777; x_wconf 90' lang='lat' dir='ltr'><strong>libro</strong></span> <span class='ocrx_word' id='word_1_110' title='bbox 875 1712 974 1777; x_wconf 87' lang='lat' dir='ltr'><strong>tertio</strong></span> <span class='ocrx_word' id='word_1_111' title='bbox 1000 1711 1107 1778; x_wconf 82' lang='lat' dir='ltr'><strong>Fidei·</strong></span> 
     </span>
     <span class='ocr_line' id='line_1_17' title="bbox 95 1798 1105 1888; baseline -0.001 -21"><span class='ocrx_word' id='word_1_112' title='bbox 95 1802 342 1867; x_wconf 91' lang='lat' dir='ltr'><strong>commissorum</strong></span> <span class='ocrx_word' id='word_1_113' title='bbox 357 1798 406 1888; x_wconf 91' lang='lat' dir='ltr'><strong>(P.</strong></span> <span class='ocrx_word' id='word_1_114' title='bbox 425 1801 534 1887; x_wconf 90' lang='grc'><strong>1872).</strong></span> <span class='ocrx_word' id='word_1_115' title='bbox 554 1838 596 1850; x_wconf 94' lang='grc'>-</span> <span class='ocrx_word' id='word_1_116' title='bbox 614 1799 811 1866; x_wconf 90' lang='lat' dir='ltr'><strong>..Neratius</strong></span> <span class='ocrx_word' id='word_1_117' title='bbox 827 1800 950 1879; x_wconf 79' lang='lat' dir='ltr'><strong>scribit,</strong></span> <span class='ocrx_word' id='word_1_118' title='bbox 969 1801 998 1865; x_wconf 92' lang='lat' dir='ltr'><strong>si</strong></span> <span class='ocrx_word' id='word_1_119' title='bbox 1012 1801 1105 1866; x_wconf 81' lang='lat' dir='ltr'><strong>heres</strong></span> 
     </span>
     <span class='ocr_line' id='line_1_18' title="bbox 94 1889 1107 1975; baseline -0.001 -19"><span class='ocrx_word' id='word_1_120' title='bbox 94 1894 235 1975; x_wconf 82' lang='lat' dir='ltr'><strong>rogatus</strong></span> <span class='ocrx_word' id='word_1_121' title='bbox 258 1891 428 1955; x_wconf 88' lang='lat' dir='ltr'><strong>restituere</strong></span> <span class='ocrx_word' id='word_1_122' title='bbox 454 1890 652 1975; x_wconf 85' lang='lat' dir='ltr'><strong>&lt;restituat&gt;</strong></span> <span class='ocrx_word' id='word_1_123' title='bbox 675 1894 779 1955; x_wconf 91' lang='lat' dir='ltr'><strong>totam</strong></span> <span class='ocrx_word' id='word_1_124' title='bbox 801 1889 1017 1954; x_wconf 88' lang='lat' dir='ltr'><strong>hereditatem</strong></span> <span class='ocrx_word' id='word_1_125' title='bbox 1041 1912 1107 1955; x_wconf 92' lang='lat' dir='ltr'><strong>non</strong></span> 
     </span>
     <span class='ocr_line' id='line_1_19' title="bbox 95 1977 1105 2064; baseline -0.001 -21"><span class='ocrx_word' id='word_1_126' title='bbox 95 1980 231 2044; x_wconf 89' lang='lat' dir='ltr'><strong>deducta</strong></span> <span class='ocrx_word' id='word_1_127' title='bbox 255 1977 396 2044; x_wconf 84' lang='lat' dir='ltr'><strong>Falcidia</strong></span> <span class='ocrx_word' id='word_1_128' title='bbox 419 1984 536 2064; x_wconf 82' lang='lat' dir='ltr'><strong>rogato</strong></span> <span class='ocrx_word' id='word_1_129' title='bbox 560 1984 593 2044; x_wconf 93' lang='lat' dir='ltr'><strong>et</strong></span> <span class='ocrx_word' id='word_1_130' title='bbox 616 1979 692 2062; x_wconf 91' lang='lat' dir='ltr'><strong>ipsi,</strong></span> <span class='ocrx_word' id='word_1_131' title='bbox 715 1984 752 2044; x_wconf 92' lang='lat' dir='ltr'><strong>ut</strong></span> <span class='ocrx_word' id='word_1_132' title='bbox 775 1979 831 2043; x_wconf 87' lang='lat' dir='ltr'><strong>alii</strong></span> <span class='ocrx_word' id='word_1_133' title='bbox 854 1979 1019 2063; x_wconf 89' lang='lat' dir='ltr'><strong>restituat,</strong></span> <span class='ocrx_word' id='word_1_134' title='bbox 1040 1999 1105 2044; x_wconf 92' lang='lat' dir='ltr'><strong>non</strong></span> 
     </span>
     <span class='ocr_line' id='line_1_20' title="bbox 96 2066 1104 2153; baseline -0.002 -20"><span class='ocrx_word' id='word_1_135' title='bbox 96 2070 207 2153; x_wconf 90' lang='lat' dir='ltr'><strong>utique</strong></span> <span class='ocrx_word' id='word_1_136' title='bbox 221 2066 337 2131; x_wconf 88' lang='lat' dir='ltr'><strong>debere</strong></span> <span class='ocrx_word' id='word_1_137' title='bbox 356 2091 428 2131; x_wconf 87' lang='lat' dir='ltr'><strong>eum</strong></span> <span class='ocrx_word' id='word_1_138' title='bbox 443 2067 818 2150; x_wconf 85' lang='lat' dir='ltr'><strong>&lt;fideicommissarium&gt;</strong></span> <span class='ocrx_word' id='word_1_139' title='bbox 833 2066 1004 2131; x_wconf 84' lang='lat' dir='ltr'><strong>detrahere</strong></span> <span class='ocrx_word' id='word_1_140' title='bbox 1018 2066 1104 2132; x_wconf 89' lang='lat' dir='ltr'><strong>fidei·</strong></span> 
     </span>
     <span class='ocr_line' id='line_1_21' title="bbox 96 2155 1103 2240; baseline -0.002 -18"><span class='ocrx_word' id='word_1_141' title='bbox 96 2156 317 2222; x_wconf 86' lang='lat' dir='ltr'><strong>commissario</strong></span> <span class='ocrx_word' id='word_1_142' title='bbox 333 2156 471 2221; x_wconf 91' lang='lat' dir='ltr'><strong>secundo</strong></span> <span class='ocrx_word' id='word_1_143' title='bbox 487 2161 644 2240; x_wconf 90' lang='lat' dir='ltr'><strong>quartam,</strong></span> <span class='ocrx_word' id='word_1_144' title='bbox 659 2157 721 2220; x_wconf 92' lang='lat' dir='ltr'><strong>nisi</strong></span> <span class='ocrx_word' id='word_1_145' title='bbox 735 2155 966 2221; x_wconf 88' lang='lat' dir='ltr'><strong>liberalitatem</strong></span> <span class='ocrx_word' id='word_1_146' title='bbox 976 2158 1103 2220; x_wconf 87' lang='lat' dir='ltr'><strong>tantum</strong></span> 
     </span>
     <span class='ocr_line' id='line_1_22' title="bbox 97 2243 1102 2330; baseline -0.002 -21"><span class='ocrx_word' id='word_1_147' title='bbox 97 2246 138 2309; x_wconf 89' lang='lat' dir='ltr'><strong>ad</strong></span> <span class='ocrx_word' id='word_1_148' title='bbox 166 2246 307 2330; x_wconf 90' lang='lat' dir='ltr'><strong>priorem</strong></span> <span class='ocrx_word' id='word_1_149' title='bbox 334 2243 667 2310; x_wconf 90' lang='lat' dir='ltr'><strong>fideicommissarium</strong></span> <span class='ocrx_word' id='word_1_150' title='bbox 691 2245 783 2309; x_wconf 90' lang='lat' dir='ltr'><strong>heres</strong></span> <span class='ocrx_word' id='word_1_151' title='bbox 807 2244 910 2308; x_wconf 87' lang='lat' dir='ltr'><strong>voluit</strong></span> <span class='ocrx_word' id='word_1_152' title='bbox 933 2245 1102 2329; x_wconf 90' lang='lat' dir='ltr'><strong>pertinere.</strong></span> 
     </span>
    </p>
   </div>
   <div class='ocr_carea' id='block_1_6' title="bbox 93 2350 1102 2947">
    <p class='ocr_par' dir='ltr' id='par_1_6' title="bbox 93 2350 1102 2947">
     <span class='ocr_line' id='line_1_23' title="bbox 185 2350 1102 2434; baseline -0.002 -19"><span class='ocrx_word' id='word_1_153' title='bbox 185 2352 234 2416; x_wconf 97' lang='grc'><strong>17.</strong></span> <span class='ocrx_word' id='word_1_154' title='bbox 266 2351 370 2434; x_wconf 63' lang='lat' dir='ltr'><strong>Dee,</strong></span> <span class='ocrx_word' id='word_1_155' title='bbox 387 2355 415 2432; x_wconf 89' lang='lat'><strong>1,</strong></span> <span class='ocrx_word' id='word_1_156' title='bbox 432 2351 482 2434; x_wconf 83' lang='lat'><strong>65,</strong></span> <span class='ocrx_word' id='word_1_157' title='bbox 499 2350 548 2415; x_wconf 91' lang='grc'><strong>12.</strong></span> <span class='ocrx_word' id='word_1_158' title='bbox 594 2350 692 2415; x_wconf 86' lang='lat' dir='ltr'><strong>Gaius</strong></span> <span class='ocrx_word' id='word_1_159' title='bbox 721 2351 804 2414; x_wconf 90' lang='lat' dir='ltr'><strong>libro</strong></span> <span class='ocrx_word' id='word_1_160' title='bbox 834 2350 975 2415; x_wconf 90' lang='lat' dir='ltr'><strong>secundo</strong></span> <span class='ocrx_word' id='word_1_161' title='bbox 1002 2350 1102 2414; x_wconf 84' lang='lat' dir='ltr'><strong>Fidei·</strong></span> 
     </span>
     <span class='ocr_line' id='line_1_24' title="bbox 98 2436 1100 2526; baseline -0.004 -21"><span class='ocrx_word' id='word_1_162' title='bbox 98 2441 344 2505; x_wconf 88' lang='lat' dir='ltr'><strong>commissorum</strong></span> <span class='ocrx_word' id='word_1_163' title='bbox 364 2436 412 2526; x_wconf 92' lang='lat' dir='ltr'><strong>(P</strong></span> <span class='ocrx_word' id='word_1_164' title='bbox 427 2439 516 2524; x_wconf 82' lang='lat'>398).</span> <span class='ocrx_word' id='word_1_165' title='bbox 536 2476 577 2485; x_wconf 92' lang='lat'><em>-</em></span> <span class='ocrx_word' id='word_1_166' title='bbox 598 2437 631 2504; x_wconf 80' lang='lat' dir='ltr'><strong>si</strong></span> <span class='ocrx_word' id='word_1_167' title='bbox 650 2439 753 2503; x_wconf 87' lang='lat' dir='ltr'><strong>Titius</strong></span> <span class='ocrx_word' id='word_1_168' title='bbox 772 2443 906 2523; x_wconf 84' lang='lat' dir='ltr'><strong>rogatus</strong></span> <span class='ocrx_word' id='word_1_169' title='bbox 922 2440 966 2503; x_wconf 87' lang='lat' dir='ltr'><strong>sit</strong></span> <span class='ocrx_word' id='word_1_170' title='bbox 980 2439 1100 2504; x_wconf 87' lang='lat' dir='ltr'><strong>heredi·</strong></span> 
     </span>
     <span class='ocr_line' id='line_1_25' title="bbox 94 2526 1100 2612; baseline 0.001 -21"><span class='ocrx_word' id='word_1_171' title='bbox 94 2533 197 2593; x_wconf 87' lang='lat' dir='ltr'><strong>tatem</strong></span> <span class='ocrx_word' id='word_1_172' title='bbox 229 2528 357 2593; x_wconf 86' lang='lat' dir='ltr'><strong>Maevio</strong></span> <span class='ocrx_word' id='word_1_173' title='bbox 394 2530 575 2612; x_wconf 90' lang='lat' dir='ltr'><strong>restituere,</strong></span> <span class='ocrx_word' id='word_1_174' title='bbox 610 2527 756 2592; x_wconf 83' lang='lat' dir='ltr'><strong>Maevius</strong></span> <span class='ocrx_word' id='word_1_175' title='bbox 789 2526 862 2591; x_wconf 86' lang='lat' dir='ltr'><strong>Seio</strong></span> <span class='ocrx_word' id='word_1_176' title='bbox 897 2531 1020 2592; x_wconf 88' lang='lat' dir='ltr'><strong>certam</strong></span> <span class='ocrx_word' id='word_1_177' title='bbox 1051 2549 1100 2611; x_wconf 88' lang='lat' dir='ltr'><strong>pe·</strong></span> 
     </span>
     <span class='ocr_line' id='line_1_26' title="bbox 95 2616 1098 2701; baseline -0.003 -20"><span class='ocrx_word' id='word_1_178' title='bbox 95 2618 233 2701; x_wconf 87' lang='lat' dir='ltr'><strong>cuniam,</strong></span> <span class='ocrx_word' id='word_1_179' title='bbox 254 2623 286 2681; x_wconf 86' lang='lat' dir='ltr'><strong>et</strong></span> <span class='ocrx_word' id='word_1_180' title='bbox 301 2617 408 2681; x_wconf 88' lang='lat' dir='ltr'><strong>Titius</strong></span> <span class='ocrx_word' id='word_1_181' title='bbox 428 2620 561 2700; x_wconf 90' lang='lat' dir='ltr'><strong>quartae</strong></span> <span class='ocrx_word' id='word_1_182' title='bbox 580 2617 765 2680; x_wconf 89' lang='lat' dir='ltr'><strong>retinendae</strong></span> <span class='ocrx_word' id='word_1_183' title='bbox 780 2616 934 2681; x_wconf 88' lang='lat' dir='ltr'><strong>beneficio</strong></span> <span class='ocrx_word' id='word_1_184' title='bbox 950 2617 1098 2682; x_wconf 85' lang='lat' dir='ltr'><strong>adversus</strong></span> 
     </span>
     <span class='ocr_line' id='line_1_27' title="bbox 94 2703 1097 2790; baseline -0.002 -23"><span class='ocrx_word' id='word_1_185' title='bbox 94 2704 256 2770; x_wconf 87' lang='lat' dir='ltr'><strong>Maevium</strong></span> <span class='ocrx_word' id='word_1_186' title='bbox 277 2728 352 2769; x_wconf 91' lang='lat' dir='ltr'><strong>usus</strong></span> <span class='ocrx_word' id='word_1_187' title='bbox 371 2705 482 2789; x_wconf 85' lang='lat' dir='ltr'><strong>fuerit,</strong></span> <span class='ocrx_word' id='word_1_188' title='bbox 502 2704 652 2769; x_wconf 90' lang='lat' dir='ltr'><strong>Neratius</strong></span> <span class='ocrx_word' id='word_1_189' title='bbox 672 2705 783 2768; x_wconf 90' lang='lat' dir='ltr'><strong>scribit</strong></span> <span class='ocrx_word' id='word_1_190' title='bbox 797 2703 962 2769; x_wconf 69' lang='lat' dir='ltr'><strong>Maenium</strong></span> <span class='ocrx_word' id='word_1_191' title='bbox 979 2724 1097 2790; x_wconf 90' lang='lat' dir='ltr'><strong>quoque</strong></span> 
     </span>
     <span class='ocr_line' id='line_1_28' title="bbox 96 2792 1096 2877; baseline -0.001 -21"><span class='ocrx_word' id='word_1_192' title='bbox 96 2792 170 2857; x_wconf 83' lang='lat' dir='ltr'><strong>Seio</strong></span> <span class='ocrx_word' id='word_1_193' title='bbox 195 2817 231 2859; x_wconf 87' lang='lat' dir='ltr'><strong>eo</strong></span> <span class='ocrx_word' id='word_1_194' title='bbox 255 2796 360 2858; x_wconf 90' lang='lat' dir='ltr'><strong>minus</strong></span> <span class='ocrx_word' id='word_1_195' title='bbox 385 2815 520 2877; x_wconf 89' lang='lat' dir='ltr'><strong>aequum</strong></span> <span class='ocrx_word' id='word_1_196' title='bbox 546 2815 614 2858; x_wconf 89' lang='lat' dir='ltr'><strong>esse</strong></span> <span class='ocrx_word' id='word_1_197' title='bbox 638 2797 811 2876; x_wconf 87' lang='lat' dir='ltr'><strong>praestare,</strong></span> <span class='ocrx_word' id='word_1_198' title='bbox 834 2815 874 2857; x_wconf 89' lang='lat' dir='ltr'><strong>ne</strong></span> <span class='ocrx_word' id='word_1_199' title='bbox 896 2793 968 2876; x_wconf 92' lang='lat' dir='ltr'><strong>ipse</strong></span> <span class='ocrx_word' id='word_1_200' title='bbox 988 2794 1027 2858; x_wconf 95' lang='lat' dir='ltr'><strong>de</strong></span> <span class='ocrx_word' id='word_1_201' title='bbox 1046 2814 1096 2857; x_wconf 95' lang='lat' dir='ltr'><strong>suo</strong></span> 
     </span>
     <span class='ocr_line' id='line_1_29' title="bbox 93 2881 396 2947; baseline 0.003 -3"><span class='ocrx_word' id='word_1_202' title='bbox 93 2881 247 2946; x_wconf 90' lang='lat' dir='ltr'><strong>damnum</strong></span> <span class='ocrx_word' id='word_1_203' title='bbox 272 2883 396 2947; x_wconf 88' lang='lat' dir='ltr'><strong>sentiat.</strong></span> 
     </span>
    </p>
   </div>
   <div class='ocr_carea' id='block_1_7' title="bbox 426 3059 769 3124">
    <p class='ocr_par' dir='ltr' id='par_1_7' title="bbox 426 3059 769 3124">
     <span class='ocr_line' id='line_1_30' title="bbox 426 3059 769 3124; baseline -0.006 0"><span class='ocrx_word' id='word_1_204' title='bbox 426 3059 476 3124; x_wconf 90' lang='lat' dir='ltr'><strong>De</strong></span> <span class='ocrx_word' id='word_1_205' title='bbox 499 3059 634 3123; x_wconf 80' lang='lat' dir='ltr'><strong>libertate</strong></span> <span class='ocrx_word' id='word_1_206' title='bbox 655 3059 769 3123; x_wconf 80' lang='lat' dir='ltr'><strong>relicta.</strong></span> 
     </span>
    </p>
   </div>
   <div class='ocr_carea' id='block_1_8' title="bbox 94 3178 1093 3601">
    <p class='ocr_par' dir='ltr' id='par_1_8' title="bbox 94 3178 1093 3601">
     <span class='ocr_line' id='line_1_31' title="bbox 186 3178 1093 3266; baseline -0.004 -20"><span class='ocrx_word' id='word_1_207' title='bbox 186 3183 235 3246; x_wconf 83' lang='lat'><strong>18.</strong></span> <span class='ocrx_word' id='word_1_208' title='bbox 261 3181 299 3244; x_wconf 89' lang='lat' dir='ltr'><strong>D.</strong></span> <span class='ocrx_word' id='word_1_209' title='bbox 309 3183 361 3259; x_wconf 83' lang='lat'><strong>40,</strong></span> <span class='ocrx_word' id='word_1_210' title='bbox 371 3183 401 3265; x_wconf 86' lang='lat'><strong>4,</strong></span> <span class='ocrx_word' id='word_1_211' title='bbox 413 3183 441 3245; x_wconf 93' lang='grc'><strong>7.</strong></span> <span class='ocrx_word' id='word_1_212' title='bbox 477 3181 566 3245; x_wconf 92' lang='lat' dir='ltr'><strong>Idem</strong></span> <span class='ocrx_word' id='word_1_213' title='bbox 582 3178 639 3266; x_wconf 90' lang='lat' dir='ltr'><strong>(sc.</strong></span> <span class='ocrx_word' id='word_1_214' title='bbox 653 3181 828 3265; x_wconf 82' lang='lat' dir='ltr'><strong>Ulpianus)</strong></span> <span class='ocrx_word' id='word_1_215' title='bbox 844 3181 930 3247; x_wconf 91' lang='lat' dir='ltr'><strong>libro</strong></span> <span class='ocrx_word' id='word_1_216' title='bbox 950 3204 1035 3247; x_wconf 91' lang='lat' dir='ltr'><strong>nono</strong></span> <span class='ocrx_word' id='word_1_217' title='bbox 1049 3181 1093 3243; x_wconf 90' lang='lat' dir='ltr'><strong>de-</strong></span> 
     </span>
     <span class='ocr_line' id='line_1_32' title="bbox 94 3266 1093 3356; baseline -0.003 -22"><span class='ocrx_word' id='word_1_218' title='bbox 94 3271 179 3335; x_wconf 88' lang='lat' dir='ltr'><strong>cimo</strong></span> <span class='ocrx_word' id='word_1_219' title='bbox 204 3271 243 3334; x_wconf 89' lang='lat' dir='ltr'><strong>ad</strong></span> <span class='ocrx_word' id='word_1_220' title='bbox 264 3268 418 3334; x_wconf 84' lang='lat' dir='ltr'><strong>Sabinum</strong></span> <span class='ocrx_word' id='word_1_221' title='bbox 438 3266 486 3356; x_wconf 91' lang='lat' dir='ltr'><strong>(P.</strong></span> <span class='ocrx_word' id='word_1_222' title='bbox 501 3269 628 3354; x_wconf 62' lang='lat' dir='ltr'><strong>259lk).</strong></span> <span class='ocrx_word' id='word_1_223' title='bbox 654 3305 691 3316; x_wconf 94' lang='lat'>-</span> <span class='ocrx_word' id='word_1_224' title='bbox 717 3267 871 3334; x_wconf 89' lang='lat' dir='ltr'><strong>Neratius</strong></span> <span class='ocrx_word' id='word_1_225' title='bbox 895 3271 1008 3336; x_wconf 90' lang='lat' dir='ltr'><strong>scribit</strong></span> <span class='ocrx_word' id='word_1_226' title='bbox 1026 3270 1093 3348; x_wconf 91' lang='lat' dir='ltr'><strong>eius,</strong></span> 
     </span>
     <span class='ocr_line' id='line_1_33' title="bbox 95 3357 1093 3424; baseline -0.003 -1"><span class='ocrx_word' id='word_1_227' title='bbox 95 3359 148 3423; x_wconf 90' lang='lat' dir='ltr'><strong>cui</strong></span> <span class='ocrx_word' id='word_1_228' title='bbox 172 3359 306 3424; x_wconf 89' lang='lat' dir='ltr'><strong>libertas</strong></span> <span class='ocrx_word' id='word_1_229' title='bbox 330 3359 375 3422; x_wconf 89' lang='lat' dir='ltr'><strong>sic</strong></span> <span class='ocrx_word' id='word_1_230' title='bbox 397 3359 472 3423; x_wconf 86' lang='lat' dir='ltr'><strong>data</strong></span> <span class='ocrx_word' id='word_1_231' title='bbox 492 3365 541 3422; x_wconf 89' lang='lat' dir='ltr'><strong>est</strong></span> <span class='ocrx_word' id='word_1_232' title='bbox 560 3358 600 3423; x_wconf 69' lang='lat' dir='ltr'><strong>‘si</strong></span> <span class='ocrx_word' id='word_1_233' title='bbox 619 3358 699 3422; x_wconf 93' lang='lat' dir='ltr'><strong>mihi</strong></span> <span class='ocrx_word' id='word_1_234' title='bbox 718 3359 825 3421; x_wconf 91' lang='lat' dir='ltr'><strong>nullus</strong></span> <span class='ocrx_word' id='word_1_235' title='bbox 844 3357 932 3423; x_wconf 92' lang='lat' dir='ltr'><strong>filius</strong></span> <span class='ocrx_word' id='word_1_236' title='bbox 952 3361 1014 3424; x_wconf 87' lang='lat' dir='ltr'><strong>erit</strong></span> <span class='ocrx_word' id='word_1_237' title='bbox 1030 3378 1093 3423; x_wconf 91' lang='lat' dir='ltr'><strong>cum</strong></span> 
     </span>
     <span class='ocr_line' id='line_1_34' title="bbox 97 3444 1092 3532; baseline -0.003 -21"><span class='ocrx_word' id='word_1_238' title='bbox 97 3447 229 3531; x_wconf 88' lang='lat' dir='ltr'><strong>moriar,</strong></span> <span class='ocrx_word' id='word_1_239' title='bbox 257 3444 386 3512; x_wconf 82' lang='lat' dir='ltr'><strong>Stichus</strong></span> <span class='ocrx_word' id='word_1_240' title='bbox 413 3446 495 3511; x_wconf 90' lang='lat' dir='ltr'><strong>liber</strong></span> <span class='ocrx_word' id='word_1_241' title='bbox 523 3444 613 3529; x_wconf 89' lang='lat' dir='ltr'><strong>esto&#39;,</strong></span> <span class='ocrx_word' id='word_1_242' title='bbox 640 3446 788 3530; x_wconf 90' lang='lat' dir='ltr'><strong>impediri</strong></span> <span class='ocrx_word' id='word_1_243' title='bbox 815 3446 1001 3513; x_wconf 85' lang='lat' dir='ltr'><strong>libertatem</strong></span> <span class='ocrx_word' id='word_1_244' title='bbox 1029 3467 1092 3532; x_wconf 92' lang='lat' dir='ltr'><strong>pos·</strong></span> 
     </span>
     <span class='ocr_line' id='line_1_35' title="bbox 96 3538 297 3601; baseline 0.01 -3"><span class='ocrx_word' id='word_1_245' title='bbox 96 3538 186 3601; x_wconf 89' lang='lat' dir='ltr'><strong>tumo</strong></span> <span class='ocrx_word' id='word_1_246' title='bbox 210 3541 297 3600; x_wconf 87' lang='lat' dir='ltr'><strong>nato.</strong></span> 
     </span>
    </p>
   </div>
   <div class='ocr_carea' id='block_1_9' title="bbox 0 0 1216 3976">
    <p class='ocr_par' dir='ltr' id='par_1_9' title="bbox 0 0 1216 3976">
     <span class='ocr_line' id='line_1_36' title="bbox 0 0 1216 3976; baseline 0 0"><span class='ocrx_word' id='word_1_247' title='bbox 0 0 1216 3976; x_wconf 95' lang='lat' dir='ltr'><strong> </strong></span> 
     </span>
    </p>
   </div>
  </div>
 </body>
</html>
