2422 3976
94 184 160 249 360
196 182 230 239 V.
248 181 399 238 NERVAE
416 181 464 236 ΕΤ
484 181 637 238 TRAIANI
654 181 761 238 ΤΕΜΡ.
778 181 876 239 IURIS
895 181 1074 240 consum

93 353 288 430 singulariter
305 355 336 411 et
353 351 446 410 miror
465 354 496 411 et
514 351 616 430 diligo.
655 353 732 411 nihil
750 355 797 412 est
810 352 890 411 enim
904 352 959 414 illo
974 353 1106 434 gravim,

94 441 241 517 sanctius,
269 441 398 516 doctius,
425 443 461 499 ut
487 441 562 499 mihi
588 459 648 500 non
674 459 752 500 unus
778 441 880 514 homo,
909 441 964 502 sed
986 443 1107 504 litterae

93 532 178 608 ipsae
215 549 377 607 omnesque
408 529 504 590 bonae
536 533 616 589 artes
648 529 680 589 in
711 549 771 589 uno
803 530 924 590 homine
956 549 1106 592 summum

93 619 262 696 pericnlum
289 619 372 678 adire
399 619 566 678 videantur.
612 637 703 696 quarn
727 619 842 695 peritus
864 619 918 679 ille
940 624 973 680 et
995 620 1106 698 privati

94 708 168 768 iuris
194 711 225 767 et
247 707 373 784 publici!
419 712 566 782 quantum
588 726 701 786 rerum,
724 711 871 786 quantum
894 709 1106 788 exemplorum,

95 800 243 875 quantum
270 795 461 872 antiquitatis
488 798 582 856 tenet!
610 796 686 855 nihil
713 800 759 857 est
781 796 863 873 quod
885 797 1001 859 discere
1023 798 1105 870 valis,

95 887 175 963 quod
198 886 249 944 ille
273 886 377 945 docere
399 903 458 944 non
481 886 588 962 possit:
616 885 691 944 mihi
714 889 808 953 certe,
830 886 970 961 quotiens
996 885 1106 963 aliquid

95 974 232 1035 abditum
250 993 370 1052 quaero,
387 973 440 1034 ille
453 974 612 1033 thesaurus
626 977 680 1034 est.
715 975 777 1034 iam
790 977 906 1051 quanta
919 977 1105 1036 sermonibus

96 1064 159 1123 eius
195 1062 281 1140 fides,
318 1065 431 1140 quanta
466 1064 642 1139 auctoritas,
679 1082 770 1139 qnam
803 1081 907 1139 pressa
938 1068 970 1124 et
1002 1065 1106 1125 decora

96 1152 260 1212 cunctatio!
310 1152 383 1229 quid
410 1155 456 1211 est
483 1151 562 1229 quod
588 1171 647 1211 non
676 1152 779 1212 statim
807 1151 903 1212 sciat?
948 1156 981 1214 et
1007 1157 1104 1213 tamen

95 1243 273 1318 plerumque
305 1240 448 1317 haesitat,
480 1241 600 1300 dubitat
631 1240 804 1301 diversitate
835 1241 1003 1320 rationum,
1034 1258 1104 1319 quas

96 1330 160 1389 acri
182 1349 348 1408 magnoque
367 1329 478 1389 iudicio
496 1330 534 1389 ab
554 1329 669 1407 origine
689 1330 846 1408 causisque
864 1329 971 1406 primis
990 1330 1102 1407 repetit,

96 1419 252 1493 discernit,
276 1418 424 1495 expendit.
464 1418 502 1476 ad
525 1418 581 1478 hoc
606 1437 696 1494 quam
717 1437 826 1495 parcus
848 1417 881 1476 in
903 1419 997 1498 uictu,
1020 1437 1102 1495 quam

97 1507 230 1567 modicus
253 1508 285 1566 in
307 1508 405 1567 cultu!
445 1507 526 1567 soleo
548 1506 648 1583 ipsum
671 1507 842 1567 cubiculum
866 1507 932 1567 eius
950 1507 1102 1585 ipsumque

97 1591 209 1656 lectum
229 1600 265 1655 ut
281 1595 442 1672 imaginem
461 1595 612 1672 quandam
628 1596 744 1672 priscae
762 1595 950 1674 frugalitatis
968 1596 1100 1672 aspicere.

98 1687 187 1744 ornat
209 1685 282 1744 haec
304 1684 479 1762 magnitudo
498 1685 599 1764 animi,
622 1704 698 1762 qnae
716 1684 793 1744 nihil
811 1685 850 1744 ad
869 1685 1100 1757 ostentationem,

98 1772 198 1832 omnia
220 1773 258 1832 ad
281 1773 493 1833 conscientiam
515 1773 607 1832 refert
624 1777 764 1850 recteque
782 1773 856 1832 facti
873 1793 935 1834 non
953 1793 990 1834 ex
1008 1770 1100 1851 populi

99 1879 233 1922 sermone
264 1862 430 1921 mercedem
460 1862 511 1921 sed
539 1881 575 1921 ex
602 1863 683 1924 facto
710 1862 794 1939 petit.
845 1862 878 1921 in
905 1881 1025 1923 summa
1050 1877 1100 1921 non

98 1951 185 2010 facile
213 1969 391 2028 quemqnam
419 1970 454 2010 ex
481 1950 547 2010 istis
576 1951 628 2027 qui
656 1952 821 2028 sapientiae
846 1951 984 2011 studium
1006 1951 1098 2011 habitu

100 2040 232 2115 corporis
263 2041 438 2116 praeferunt
467 2039 536 2098 huic
563 2042 628 2100 viro
657 2039 851 2115 comparabis.
902 2058 963 2099 non
992 2040 1099 2118 quidem

100 2129 256 2207 gymnasia
279 2131 412 2187 sectatur
434 2133 488 2187 aut
510 2129 644 2204 porticus
664 2148 719 2188 nec
737 2128 995 2204 disputationibus
1014 2126 1099 2206 longis

100 2219 228 2278 aliorum
252 2218 347 2277 otium
371 2235 517 2293 suumque
540 2217 679 2297 delectat,
698 2219 749 2277 scd
771 2217 803 2275 in
826 2219 899 2295 toga
922 2218 1099 2294 negotiisque

99 2311 246 2384 versatur,
265 2306 376 2365 multos
395 2305 597 2383 advocatione,
615 2307 718 2382 plures
733 2306 854 2366 consilio
868 2305 964 2366 iuvat.
1001 2301 1100 2366 nemini

100 2400 201 2455 tamen
228 2397 354 2454 istorum
382 2394 521 2453 castitate
543 2395 655 2469 pietate
678 2395 797 2455 iustitia
818 2395 1000 2455 fortitudine
1023 2397 1101 2455 etiam

100 2487 195 2561 primo
215 2485 279 2543 loco
298 2483 428 2543 cesserit.
465 2482 626 2561 mirareris,
650 2484 676 2542 si
694 2485 862 2560 interesses,
885 2503 947 2560 qua
964 2482 1102 2560 patientia

100 2575 176 2633 hanc
208 2574 304 2649 ipsam
335 2572 540 2633 valetudinem
571 2573 692 2644 toleret,
724 2576 759 2630 ut
786 2572 882 2631 dolori
909 2574 1048 2649 resistat,
1075 2571 1103 2630 nt

102 2662 184 2720 sitim
211 2663 341 2739 differat,
369 2665 405 2721 ut
429 2660 633 2720 incredibilem
656 2661 785 2720 febrium
808 2660 947 2720 ardorem
969 2662 1102 2722 immotus

102 2754 282 2825 opertusque
300 2750 496 2809 transmittat.
532 2768 629 2824 nuper
647 2768 693 2807 me
712 2768 881 2826 paucosque
900 2769 1021 2810 mecum
1040 2763 1103 2828 qnos

101 2837 227 2896 maxime
265 2839 365 2917 diligit
401 2838 559 2898 advocavit
594 2838 772 2914 rogavitque
807 2841 843 2897 ut
879 2838 1012 2899 medicos
1045 2856 1102 2899 con·

102 2927 267 2985 suleremus
286 2929 322 2986 de
341 2946 459 2986 summa
477 2927 668 3003 valetudinis,
686 2932 730 3004 ut,
749 2929 776 2987 si
794 2929 874 2988 esset
891 2926 1104 3005 insuperabilis,

102 3018 208 3089 sponte
241 3016 335 3074 exiret
367 3036 382 3075 e
409 3017 485 3086 vita,
518 3016 544 3074 si
570 3019 689 3076 tantum
717 3017 846 3076 difficilis
874 3019 906 3075 et
933 3017 1039 3096 longa,
1065 3034 1103 3075 re·

102 3103 222 3162 sisteret
238 3109 442 3183 maneretque3
462 3105 592 3163 dandum
606 3105 685 3163 enim
698 3105 837 3181 precibus
851 3107 965 3180 uxoris,
984 3105 1104 3165 dandum

101 3192 181 3251 filiae
194 3192 334 3264 lacrimis,
351 3192 481 3251 dandum
501 3194 591 3252 etiam
608 3193 693 3253 nobis
712 3194 825 3270 amicis,
844 3212 880 3252 ne
900 3212 969 3270 spes
988 3196 1104 3263 nostrat.

102 3282 127 3340 si
159 3281 245 3340 modo
276 3300 335 3339 non
362 3286 462 3340 essent
490 3283 606 3356 inausa,
638 3283 810 3342 voluntaria
837 3287 935 3343 morte
963 3280 1104 3343 desereret

178 3375 208 3429 et
229 3370 339 3429 medici
362 3370 481 3445 quidem
504 3372 633 3430 secunda
656 3373 742 3431 nobis
765 3371 946 3448 pollicentur
969 3366 1033 3432 ...⁹

190 3458 237 3517 Ad
255 3458 368 3516 Titium
387 3459 485 3533 ipsum
504 3459 590 3518 datas
608 3461 700 3520 habes
719 3460 852 3520 eiusdem
871 3461 947 3520 duas
970 3457 1104 3536 epistulas

102 3549 161 3624 5,3
186 3550 216 3605 et
240 3549 335 3624 8,14,
358 3566 484 3624 quarum
502 3549 585 3624 prior
603 3550 641 3608 ad
658 3553 792 3610 nostram
810 3569 875 3610 rem
893 3550 971 3609 nihil
995 3547 1103 3620 attinet,
