2422 3976
93 181 157 247 352
194 184 228 241 V.
247 185 398 243 NERVAE
416 190 464 245 ΕΤ
484 191 637 246 TRAIANI
654 188 761 247 ΤΕΜΡ.
778 190 875 247 Iulus
895 190 1078 248 consum

92 369 244 416 nummos
268 352 448 420 debitorem
470 355 620 420 iusserim
640 355 697 420 alii
715 353 800 420 dare.
835 376 902 420 non
920 353 1006 421 esse²
1024 356 1107 423 enim

93 458 229 522 corpore
262 445 294 506 et
322 446 413 508 tastu
439 465 570 508 neeesse
597 443 835 528 adprehendere
860 445 1109 528 possessiouem,

94 527 150 591 sed
174 529 273 595 etiam
300 533 401 598 oeulis
424 537 457 597 et
481 532 607 598 affeetu.
657 535 847 618 argumento
870 554 942 598 esse
966 555 1024 599 ess
1049 555 1108 616 res,

96 637 178 700 quae
190 624 323 704 propter
333 621 587 707 magnitudinem
596 621 745 705 ponderis
755 621 878 686 moveri
887 643 954 686 non
963 626 1108 707 possunt,

92 708 130 770 ut
148 707 329 794 columnas3
347 732 424 775 nem
442 732 501 796 pro
520 710 650 775 traditis
667 731 720 774 eas
734 709 854 792 haberi,
871 709 902 774 si
919 710 954 776 in
969 733 1006 776 re
1020 733 1106 796 pree·

97 797 184 861 senti
206 799 442 883 consenserint,
469 801 502 864 et
524 798 599 864 vina
621 798 743 864 tradite
764 797 881 883 videri,
904 820 980 865 oum
1003 801 1105 866 slaves

93 884 194 950 cellae
217 887 362 953 vinariae
385 889 524 973 emptori
546 887 685 953 traditae
708 887 836 952 fuerint.

182 994 235 1061 59.
267 995 306 1060 D.
329 996 383 1078 41,
406 997 437 1078 2,
461 996 490 1060 7.
541 992 662 1059 Paulus
694 993 779 1059 libro
812 994 1100 1081 quinquagensimo

95 1087 209 1166 quarto
240 1085 282 1148 ad
311 1084 452 1148 edietum
482 1082 529 1166 (P.
553 1079 641 1169 660).
671 1118 713 1129 -
737 1080 791 1168 (D.
810 1084 864 1169 41,
882 1083 914 1167 2,
934 1083 965 1166 6,
975 1085 1005 1150 :1
1034 1083 1098 1168 Ulp.

93 1171 114 1236 l.
133 1170 221 1238 LXX
249 1171 290 1237 ad
317 1171 365 1236 ed.
410 1170 485 1247 ‘Qui
509 1170 549 1235 ad
571 1170 732 1236 nundinas
755 1172 923 1255 profectus
946 1172 1097 1238 neminem

91 1260 262 1346 'reliquerit
285 1265 331 1345 et,
358 1259 434 1325 dum
457 1261 511 1325 ille
535 1282 555 1324 a
577 1259 727 1325 nundinis
750 1259 848 1345 redit,
874 1260 994 1345 aliquis
1017 1280 1097 1326 oocu-

91 1351 220 1504 pallll
237 1348 485 1504 millii?
502 1349 798 1502 illidunt?
815 1347 1094 1504 1⁸4⁶an

95 1460 191 1592 :idid
211 1459 621 1592 ’adiudesieregverlientem
642 1459 893 1591 dominumqnon
912 1521 1091 1605 admiserit',

94 1616 127 1680 vi
154 1617 258 1700 magis
286 1616 434 1700 intellegi
461 1614 638 1701 possidere,
670 1637 735 1679 non
764 1611 884 1700 elem')
937 1615 994 1680 sed
1020 1610 1089 1679 etsi

94 1704 179 1769 nolit
205 1706 240 1769 in
262 1704 398 1769 fundum
420 1704 552 1787 reverti,
574 1702 659 1788 quod
682 1703 748 1768 vim
771 1704 929 1769 maiorem
952 1706 1090 1783 vereatur,

97 1791 245 1858 amisisse
254 1793 493 1876 possessionem
503 1792 724 1874 videbitur3et
733 1792 780 1856 ita
789 1789 1088 1859 Neratius..seribit

475 1994 522 2052 De
543 1995 727 2068 usucapione.
824 2013 828 2021 ’

184 2111 248 2176 6οΫ
275 2110 315 2177 Ι).
330 2112 383 2195 41,
395 2112 427 2186 4,
443 2114 472 2194 2,
487 2113 517 2177 6.
562 2110 682 2176 Paulus
704 2112 788 2177 libro
816 2111 1089 2200 quinquagensimo

95 2205 208 2282 quarto
233 2201 270 2265 ed
294 2200 433 2264 edietum
452 2198 502 2286 (P.
514 2199 603 2285 664).
621 2236 663 2246 —
684 2199 764 2264 Cum
783 2199 933 2265 Stichum
952 2203 1089 2271 emissem,

94 2290 199 2355 Dama
214 2311 272 2372 per
285 2289 502 2374 ignorantiam
518 2288 597 2353 mihi
610 2311 670 2372 pro
686 2311 722 2354 eo
736 2289 876 2354 traditus
888 2295 947 2354 est
981 2290 1090 2355 Priscus

95 2380 142 2443 sit
164 2402 223 2442 usu
247 2399 298 2442 me
322 2400 393 2442 eum
415 2400 481 2441 non
500 2383 678 2463 capturum,
701 2378 777 2463 quia
795 2377 837 2456 id,
861 2380 946 2462 quod
966 2381 1091 2462 emptum

94 2489 159 2532 non
179 2469 231 2549 sit,
249 2488 308 2549 pro
328 2471 473 2550 emptore
492 2467 624 2550 usucapi
643 2488 710 2533 non
728 2469 853 2552 potest3
873 2467 930 2531 sed
948 2468 977 2532 si
990 2465 1090 2532 fundus

95 2561 221 2639 emptus
243 2559 286 2619 sit
304 2559 337 2618 et
356 2555 528 2638 ampliores
547 2554 628 2618 fines
647 2555 789 2639 possessi
808 2555 884 2638 sint,
907 2560 1015 2621 totum
1031 2547 1091 2621 Μ’

96 2644 179 2727 capi,
208 2644 360 2728 quoniam
387 2644 581 2708 universitas
610 2644 677 2708 eius
704 2643 924 2728 possideatur,
951 2666 1017 2710 nou
1042 2643 1090 2708 siu·

96 2732 190 2816 gulae
214 2737 331 2816 partes,

185 2838 236 2902 61.
263 2837 302 2902 D.
316 2838 369 2921 41,
386 2840 435 2922 10,
451 2840 479 2905 3.
524 2837 721 2922 Pomponius
749 2838 834 2903 libro
864 2840 1038 2906 vicensimo
1058 2857 1092 2903 se·

96 2925 200 2989 eundo
227 2927 267 2991 ad
290 2925 444 2992 Sabinum
469 2925 518 3013 (P.
533 2923 636 3011 6961’).
663 2964 700 2973 —
732 2926 921 3012 Hominem,
949 2950 1041 3014 quem
1064 2945 1092 2989 ex

97 3013 306 3096 stipulatione
325 3019 357 3079 te
377 3015 457 3080 mihi
476 3016 591 3080 debere
610 3016 692 3080 falso
707 3015 929 3101 existimabas,
946 3011 1092 3083 tradidisti

95 3102 183 3167 mihi.
213 3104 240 3167 si
256 3105 387 3168 scissem
402 3105 482 3168 mihi
496 3103 576 3168 nihil
591 3104 710 3186 deberi,
727 3127 787 3168 usu
801 3126 875 3169 eum
889 3127 957 3171 non
971 3106 1092 3192 sapien,

96 3191 182 3275 quod
210 3191 237 3255 si
265 3193 386 3274 neseio,
415 3195 521 3259 verius
544 3198 606 3277 est,
634 3198 672 3258 ut
694 3193 914 3279 usucapiam[,
942 3196 1016 3280 quia
1035 3194 1091 3276 ipsa

166 3353 182 3472 d
197 3347 343 3487 Iddlielsddi
358 3420 434 3488 apud
448 3422 543 3475 Norat.
557 3419 643 3490 legit:
658 3421 767 3475 ‘verum
782 3419 806 3476 si
822 3424 967 3479 revertens
980 3419 1089 3478 dominu

96 3505 152 3542 non
171 3489 307 3543 admissus
327 3489 385 3557 sit’,
404 3491 478 3560 apud
496 3492 574 3546 Paul.
594 3492 700 3546 tradita
717 3493 805 3547 verba
822 3493 946 3550 exhibet

168 3567 183 3613 3
206 3560 278 3615 Trio.
298 3560 382 3631 longo
401 3564 535 3632 tempore.
