2422 3976
467 163 492 212 8.
510 155 684 212 VIVIANUS
1014 157 1078 222 241

65 326 224 388 Proaulm
244 318 445 402 respondisse'
459 325 495 384 D.
506 327 536 401 4,
547 328 576 404 6,
588 326 639 403 35,
650 328 678 401 9,
693 319 784 385 ‘idem
802 325 859 386 ait:
878 326 1083 405 interrogatus

64 415 210 477 Proculus
229 416 266 475 de
285 433 320 474 eo
339 415 391 492 qui
404 462 411 475 .
424 460 448 474 ..
463 408 518 474 ait'
532 415 569 474 D.
580 416 632 490 21,
643 418 671 488 1,
684 418 734 488 17,
744 417 774 493 4,
789 407 923 492 ‘qnidam
937 416 1080 490 referunt,

63 508 214 583 quantum
236 506 350 583 repeto,
373 503 454 580 apud
475 502 639 563 Viviauum
663 503 766 563 Sabini
790 507 821 561 et
840 502 936 564 Cassii
959 509 990 565 et
1008 505 1080 565 Pro-

62 595 123 654 ouli
141 593 308 670 expositam
326 610 391 652 esse
411 593 443 652 iu
456 593 630 668 quaestione
647 591 820 652 huiusmodi
834 588 1082 653 controversiam’

62 683 100 743 D.
111 685 165 758 29,
175 683 205 758 7,
219 683 261 740 14
267 701 321 757 pr,
339 681 427 740 illum
445 682 580 757 priorum
598 681 673 739 iuris
692 681 897 740 consultorum
916 684 1080 744 sententias

62 774 94 831 et
114 788 262 847 responsa
285 770 470 846 congessisse
492 772 627 848 apparet.

150 859 336 937 Fragmenta
362 859 473 935 partim
501 859 539 918 sd
562 858 695 918 adiutum
717 858 882 936 praetoris,
907 859 1018 934 partim
1043 861 1081 918 ad

60 948 197 1009 edietum
220 946 364 1007 aedilium
387 948 539 1029 curulium
561 947 703 1007 videntur
725 946 885 1022 pertinere.

321 1181 349 1238 1.
381 1177 434 1237 Ad
457 1178 613 1238 edietum
635 1178 826 1254 praetoris.

151 1301 276 1363 Viviani
299 1320 373 1379 opus
396 1303 530 1380 amplum
552 1303 673 1362 videtur
695 1302 797 1374 fuisse,
823 1321 891 1361 oum
915 1302 951 1362 de
973 1303 1080 1362 iisdem

59 1393 154 1452 rebus
173 1392 294 1468 saepius
310 1391 424 1451 dictum
440 1392 541 1451 fuerit.
576 1394 656 1451 oerto
670 1391 819 1468 Ulpianus
833 1391 991 1470 D.43,24‚
1001 1394 1078 1468 13,1

60 1483 119 1542 ait:
142 1475 202 1540 ‘est
220 1479 302 1556 apud
319 1480 482 1540 Vivianum
500 1481 712 1556 saepissime
730 1480 861 1540 relatum
879 1481 982 1540 heredi
1000 1499 1080 1541 oom-

59 1573 167 1648 petere
191 1569 249 1630 hoo
271 1563 484 1629 interdictum'.
529 1570 609 1629 idom
631 1569 780 1645 Ulpianus
802 1569 909 1629 iisdem
932 1570 1018 1630 libris
1042 1571 1081 1630 ad

61 1659 198 1718 edietum
216 1657 290 1718 Uoll.
303 1659 354 1736 12,
365 1660 424 1736 7,8
447 1658 553 1718 tradit:
577 1653 666 1719 ‘libro
685 1657 729 1717 VI
751 1677 785 1717 ex
803 1657 932 1719 Viviauo
949 1661 1080 1719 relatum

62 1739 132 1825 est',
158 1745 205 1805 ita
231 1751 267 1806 ut
290 1746 424 1806 dubitari
445 1748 555 1827 possit,
576 1750 680 1806 utrum
703 1747 739 1807 de
763 1747 827 1805 eius
850 1748 903 1824 qui
924 1749 1081 1808 rettulerit

62 1836 103 1897 an
136 1834 173 1895 de
201 1834 324 1896 Viviani
355 1835 432 1895 libro
461 1835 573 1896 dietum
600 1836 648 1896 sit.
698 1835 776 1895 illud
803 1835 939 1915 Krueger
965 1858 994 1913 p.
1016 1838 1079 1898 158

61 1924 161 2003 magis
192 1924 302 2000 probat
332 1916 438 2007 (³naoh
464 1924 612 2003 Analogia
644 1926 697 1983 der
725 1925 843 1983 ahnlieh
869 1925 1080 1985 beneiohneten

62 2012 178 2073 Werke
200 2012 291 2091 ginge
314 2007 380 2088 sie',
403 2032 442 2073 so.
459 2007 520 2073 ‘die
538 2013 719 2092 Anfhhrung
737 2007 886 2091 Ulpians’‚
911 2007 979 2072 ‘aul
994 2014 1079 2073 einen

62 2100 261 2162 Kommentar
291 2121 329 2160 zu
356 2101 501 2162 Vivianus
534 2102 605 2163 oder
637 2102 686 2162 ein
717 2101 795 2160 nach
822 2102 934 2161 seinern
961 2102 1080 2178 System

63 2190 264 2269 gearbeitetes
291 2189 398 2267 wera,
426 2192 531 2250 dessen
559 2190 717 2250 Verfasser
745 2192 823 2249 etwa
850 2191 944 2250 durch
970 2191 1079 2250 Fehler

64 2278 116 2339 der
133 2265 367 2356 Uberlieferung
389 2280 473 2339 nieht
500 2282 634 2357 genennt
656 2271 821 2358 wordeu'),
849 2297 904 2358 ego
923 2280 1024 2354 potius
1043 2280 1080 2339 de

62 2367 158 2444 ipsius
189 2366 311 2428 Viviani
346 2388 434 2444 opere
467 2367 630 2444 Ulpianum
662 2366 774 2427 referre
805 2385 873 2426 oum
906 2368 972 2426 aliis
1005 2368 1079 2427 viris

63 2456 159 2518 doctis
172 2458 351 2532 putaverim.
380 2458 417 2517 of.
427 2457 568 2516 Karlowa
581 2456 605 2533 I,
617 2458 689 2516 702.
721 2456 815 2515 Lenel
828 2455 860 2515 P.
871 2456 903 2514 II
916 2456 970 2515 ool.
984 2458 1078 2517 1225.

306 2611 395 2692 Quod
415 2616 513 2676 rietus
534 2631 629 2677 causo
651 2615 755 2675 uotum
776 2611 843 2675 erit.

156 2719 184 2783 1.
219 2715 260 2782 D.
277 2718 308 2801 4,
327 2719 357 2797 2,
378 2718 429 2801 14,
447 2718 477 2783 5.
532 2717 690 2803 Ulpianus
722 2716 805 2781 libro
837 2716 1005 2781 undecimo
1038 2715 1079 2780 ad

62 2805 204 2872 edictum
237 2802 288 2892 (P.
308 2803 397 2893 377).
425 2843 468 2852 -
498 2807 737 2891 Aliquando..
762 2810 795 2870 et
827 2806 855 2870 si
890 2811 994 2870 metus
1027 2805 1080 2869 ad·

62 2894 187 2960 hibitus
226 2899 441 2978 proponatur,
483 2895 663 2960 arbitrium
690 2895 926 2959 absolutionem
964 2894 1078 2958 adfert.

63 2984 142 3069 quid
170 2983 258 3048 enim
288 2983 316 3048 si
343 2987 464 3048 metum
488 2983 616 3068 quidem
639 2982 743 3047 Titius
767 2982 915 3049 adhibuit
938 3005 989 3047 me
1012 3005 1079 3047 non

61 3072 209 3154 conscio,
236 3094 288 3136 res
311 3077 419 3138 autem
444 3073 484 3137 ad
507 3095 557 3136 me
580 3072 742 3156 pervenit,
765 3072 900 3137 ethaeo
923 3072 958 3135 in
982 3072 1078 3135 rebus

60 3160 215 3226 humanis
238 3165 379 3227 nonest
402 3162 470 3226 sine
494 3162 568 3226 dolo
592 3161 679 3225 malo
704 3162 798 3228 meo?
832 3181 939 3225 nonne
962 3159 1078 3223 iudiois

61 3250 173 3315 officio
197 3249 372 3315 absolvar?
409 3253 465 3314 aut
488 3250 517 3315 si
541 3272 651 3314 servus
675 3249 709 3313 in
732 3248 811 3335 fuga
835 3254 893 3332 est,
918 3268 1027 3330 aeque,
1051 3247 1079 3310 si

62 3359 181 3405 cavero
205 3337 321 3403 iudiois
344 3338 451 3405 officio
476 3360 537 3422 me,
560 3339 588 3403 si
611 3339 647 3403 in
668 3360 773 3403 meam
792 3341 989 3421 potestatem
1008 3356 1078 3417 per·

60 3429 203 3512 venerit,
234 3428 473 3512 restituturum,
506 3427 632 3492 absolvi
659 3427 792 3492 debebo.
836 3425 920 3490 unde
950 3423 1079 3508 quidam

61 3519 185 3601 putant
215 3516 304 3581 bona
334 3516 395 3580 fide
429 3520 605 3601 emptorem
638 3516 679 3580 ab
713 3538 750 3580 eo
784 3515 838 3598 qui
870 3515 935 3577 vim
966 3511 1080 3576 intulit

114 3629 216 3678 Iurlspr.
231 3630 349 3670 antehadr.
363 3631 414 3672 rell.
428 3631 462 3671 ed.
476 3631 575 3670 Bremer.
599 3630 631 3682 11,
642 3631 660 3670 2,
886 3621 919 3670 16
1091 3606 1093 3611 ,
