2422 3976
94 192 165 256 480
200 190 234 246 V.
254 189 404 245 NERVAE
423 188 471 243 ΕΤ
490 188 642 244 TRAIANI
659 188 766 245 ΤΕΜΡ.
786 189 883 245 IURIS
901 189 1082 246 CONSULTI

92 355 252 438 potionem
278 354 358 418 ooliit
383 353 467 418 lieres
492 353 594 436 pilium
619 352 698 434 petit
723 373 806 417 nnnc
830 354 996 434 pecuniam
1018 358 1107 438 poter

94 465 134 508 ec
156 443 353 523 stipulatione
374 463 472 523 supra
493 441 601 505 reluta.

186 530 370 612 Respondit:
386 551 449 595 uon
457 536 535 612 puto
550 535 666 612 turpem
680 549 742 594 esse
754 550 883 594 causam
891 531 1106 614 stipulationis,

95 624 197 702 utpote
223 640 292 684 cum
319 620 409 683 aliter
434 620 536 700 filium
558 619 810 700 emancipatams
832 639 896 684 non
916 621 1020 700 fuerit.
1056 641 1106 686 uec

89 713 192 792 potest
212 709 310 772 vidui
331 709 450 773 iniusta
472 727 566 772 causo
588 707 805 790 stipulationis,
828 709 858 772 si
875 709 1001 791 aliquid
1016 711 1104 792 adop

97 798 177 862 tivus
202 801 294 878 paler
325 797 432 861 labere
459 797 600 878 coluerit,
627 801 754 879 propter
785 798 867 879 quod
897 818 919 862 a
949 798 1016 880 filio
1036 802 1103 881 post

94 888 370 968 emancipationem
392 886 492 967 mapis
514 890 684 951 curaretur.

513 1120 622 1180 Liber
644 1120 695 1180 IX.

420 1231 470 1296 De
491 1232 579 1296 bonis
599 1231 786 1296 vacantibus.

187 1348 239 1410 47.
267 1347 305 1412 D.
320 1348 373 1427 49,
394 1348 443 1428 14,
464 1349 514 1412 ll.
559 1345 731 1410 Iavolenus
754 1346 839 1411 libro
862 1368 952 1412 nono
976 1346 1094 1432 Epistu-

98 1435 212 1521 larum.
243 1471 280 1482 -
310 1440 386 1500 Non
408 1441 540 1518 possunt
564 1435 632 1499 ulla
654 1435 733 1500 bonu
754 1436 799 1500 acl
817 1437 928 1518 fiscum
947 1439 1092 1519 pertinere,
1133 1512 1135 1525 Ι

96 1525 160 1588 nisi
177 1545 254 1605 qnae
272 1526 468 1590 creditoribus
485 1524 684 1606 superfutura
700 1529 790 1602 suut,·
808 1526 844 1590 iil
860 1526 943 1590 enim
961 1526 1092 1591 bonorum

95 1614 244 1695 cuiusque
265 1634 327 1678 esse
349 1614 544 1697 innitemini,
566 1615 649 1694 quod
669 1614 736 1679 aeri
757 1614 859 1679 alieno
880 1620 1023 1697 superest.

186 1725 222 1782 cf.
241 1724 310 1783 Tac.
330 1744 396 1784 ann.
417 1727 444 1802 2,
459 1726 510 1785 48.
557 1725 593 1784 cf,
616 1723 789 1784 Hirschfeld
815 1723 870 1801 vg.
894 1745 923 1800 p.
944 1729 994 1787 57.

508 1897 558 1962 De
581 1898 696 1980 lupatis.

185 2012 238 2076 48.
260 2012 298 2076 D.
313 2013 366 2089 33,
381 2013 410 2092 3,
423 2013 454 2076 4.
490 2011 659 2076 lavolenus
675 2011 757 2076 libro
772 2034 858 2076 nono
873 2012 1089 2097 Epistularum.

100 2136 137 2147 -
160 2100 197 2164 Si
218 2103 247 2165 is
269 2103 323 2182 qui
345 2103 424 2165 <luas
447 2101 534 2164 aeoles
556 2101 690 2180 habebat,
712 2121 793 2166 renas
811 2102 898 2185 milri,
922 2103 1033 2167 alteros
1047 2097 1089 2165 tili

96 2191 208 2272 lepaoit
235 2194 262 2253 et
287 2192 405 2253 medius
427 2191 545 2272 parics,
573 2191 627 2270 qui
651 2194 795 2270 utrasque
817 2192 906 2255 aeoles
929 2191 1089 2273 distinpnot,

96 2280 269 2360 interuenit,
296 2300 328 2343 eo
355 2280 423 2342 iure
449 2300 518 2342 eum
547 2299 735 2342 communem
764 2279 852 2343 nobis
874 2300 937 2344 6336
959 2281 1091 2358 caristium,

95 2388 166 2449 quo,
200 2369 228 2431 si
252 2369 360 2449 paries
393 2372 514 2431 tontum
545 2367 659 2431 dnobus
690 2368 777 2432 nolis
805 2370 1006 2434 communiter
1033 2368 1091 2433 esset

97 2458 225 2537 topatus,
252 2458 376 2536 ideoque
403 2477 497 2536 ineque
518 2478 566 2519 me
588 2477 681 2537 neque
704 2461 730 2520 te
753 2477 840 2538 apere
858 2478 948 2540 posse
974 2460 1023 2523 ius
1043 2474 1091 2521 nm

95 2565 157 2609 6336
193 2546 282 2608 alteri
317 2547 362 2607 ita
399 2546 555 2609 immissos
587 2544 728 2629 <lralcs>
760 2545 883 2622 habena·
921 2568 997 2612 nam
1027 2542 1092 2628 quod

96 2636 295 2698 communiter
317 2635 415 2697 socius
438 2634 531 2711 labet,
555 2634 566 2696 i
584 2655 632 2696 em
654 2635 722 2697 iure
744 2655 794 2698 me
817 2634 945 2699 habuc
964 2634 1091 2700 constitit

96 2724 197 2804 itaque
219 2725 255 2787 ole
276 2744 312 2787 eo
334 2744 367 2786 re
385 2723 499 2787 arbiter
517 2724 670 2786 communi
688 2723 855 2788 diuidundo
873 2727 1037 2789 sumendus
1052 2724 1092 2787 esl.

454 2900 504 2964 De
526 2901 586 2981 lopo
609 2900 749 2980 Aquilia.

185 3016 237 3079 49.
268 3014 306 3078 D.
322 3016 352 3098 9,
366 3017 395 3097 2,
410 3016 461 3079 38.
506 3013 596 3078 Idem
620 3012 676 3100 (sc.
700 3014 888 3101 Iavolenus)
911 3016 997 3081 libro
1019 3034 1091 3080 nono

96 3103 327 3186 Epistularum.
358 3141 396 3149 —
428 3101 465 3167 Si
490 3124 523 3168 eo
551 3109 692 3185 tempore,
720 3127 778 3187 quo
806 3105 862 3169 tibi
889 3126 975 3170 meus
1002 3120 1092 3170 serens

94 3213 184 3272 quem
212 3193 290 3255 bona
316 3194 376 3274 ficte
403 3194 502 3256 emisti
527 3194 686 3272 senciclat,
714 3196 778 3278 ipse
805 3215 826 3258 a
852 3215 939 3259 servo
966 3199 1017 3258 tuo
1037 3190 1090 3256 cul·

95 3286 220 3344 necatus
253 3285 307 3360 est,
341 3282 461 3361 placuit
496 3283 580 3345 omni
611 3284 700 3347 moolo
731 3303 778 3347 me
810 3288 906 3348 tecum
938 3289 1013 3348 recte
1042 3282 1091 3362 loct

95 3370 227 3450 Aquilio
249 3371 390 3450 experiri.

168 3565 181 3610 1
202 3561 249 3615 Fl.
274 3563 303 3615 el
321 3561 349 3615 in
369 3563 428 3616 iure
448 3579 510 3616 eum
530 3562 640 3620 habere.
