2422 3976
376 169 401 218 4.
427 164 458 218 L.
477 162 658 218 NERATIUS
677 163 824 220 PRISCUS
1038 166 1104 230 333

101 349 154 411 pro
176 326 327 393 libertate
350 325 493 411 dederat,
515 327 671 412 repetisse
693 349 752 412 per
770 327 908 394 iudieem
926 349 986 393 nee
1004 327 1104 393 fuisse

101 416 288 501 quaesitum,
312 438 355 482 an
378 413 523 481 Domitia
548 416 652 482 seiens
675 416 813 481 liberum
837 417 1021 501 accepisset

181 528 228 588 De
245 528 432 605 pantomimo
450 528 499 588 vel
518 529 662 588 histrione
677 528 786 588 Paride
800 532 831 588 et
845 529 979 589 Domitia
992 550 1019 587 r.
1034 531 1103 591 Tae.

99 634 160 676 ann.
190 620 247 695 13,
276 619 429 695 19-22,
475 617 527 693 qui
570 618 624 695 13,
653 619 693 677 27
727 617 763 676 (10
799 617 853 676 lite
890 618 964 677 haee
1000 619 1104 679 refert:

99 699 283 784 ‘scripsitque
308 705 418 766 Caesar
441 707 571 779 senatui,
597 705 739 782 privatim
762 706 963 782 expenderent
984 726 1106 767 eausam

97 794 280 874 libertorum,
299 795 438 872 quotiens
458 813 476 853 a
494 795 629 870 patronis
648 798 849 871 arguerentur
868 840 874 853 .
890 840 919 855 ..
938 814 991 855 nee
1009 797 1105 857 multo

97 887 162 959 pest
184 887 306 960 ereptus
330 883 440 943 amitae
468 883 593 943 libertus
616 883 702 943 Paris
725 885 811 961 quasi
834 885 899 942 iure
922 884 1017 960 civili,
1046 903 1123 953 nou,

97 970 156 1032 siue
179 972 305 1032 infernin
327 971 483 1048 principis,
513 973 598 1032 euius
625 973 711 1032 iussu
737 975 942 1049 perpetratum
971 973 1105 1050 ingenui·

96 1061 165 1121 tatis
190 1061 336 1121 iudicium
358 1054 443 1120 erat'.

183 1148 271 1220 Quod
292 1150 325 1209 in
342 1149 467 1225 Ulpiani
489 1150 659 1226 fragmenta
682 1150 718 1209 de
736 1150 865 1209 Neronis
884 1143 968 1209 ‘filia'
988 1149 1106 1229 dieitur,

97 1255 151 1298 nan
175 1238 316 1316 Neratio,
339 1239 391 1298 aed
415 1237 543 1314 Ulpiano
566 1238 761 1299 tribuendum
782 1238 909 1299 videtur.

183 1357 237 1424 65.
269 1357 309 1422 D.
331 1359 381 1441 13,
402 1360 430 1442 1,
451 1359 502 1441 12,
520 1359 550 1423 2.
604 1357 762 1443 Ulpianus
796 1358 880 1423 libro
913 1358 1105 1442 trigensimo

98 1452 209 1513 octavo
225 1446 265 1511 ad
280 1442 607 1533 edietum'(P.1058).
622 1484 664 1493 —
679 1445 832 1511 Neratius
846 1446 937 1511 libris
948 1445 1107 1530 Membra·

98 1555 210 1601 narum
233 1533 422 1601 Aristonem
445 1534 649 1600 existimasse
673 1535 773 1600 refert
796 1557 878 1618 eum,
902 1536 953 1601 eui
976 1535 1106 1621 pignori

97 1645 144 1690 res
172 1625 251 1690 data
279 1624 335 1707 sit,
362 1623 478 1690 incerti
504 1623 706 1690 condictione
730 1628 890 1707 acturum,
919 1625 946 1689 si
969 1646 1007 1688 ea
1031 1625 1106 1690 sub·

98 1717 188 1798 repta
211 1716 270 1778 est.

214 1922 218 1929 .
304 1877 356 1938 IX.
383 1877 522 1937 Incerti
544 1879 663 1954 operis
687 1877 901 1956 fragmenta.

186 1995 248 2060 ‘Ad
283 1995 452 2061 Neratium'
490 2002 583 2062 libros
617 2002 670 2076 IV,
707 2021 835 2078 quorum
870 2003 1040 2077 fragmenta
1076 2004 1107 2062 in

98 2089 259 2150 Iustiniani
281 2089 416 2168 Digestis
439 2090 616 2150 exhibentur
640 2084 686 2170 (P.
708 2084 955 2170 1020-1048),
977 2091 1107 2150 Paulum

100 2178 252 2256 scripsisse
275 2182 402 2239 constat.
444 2179 638 2256 explanatum
657 2198 727 2239 vero
746 2179 864 2239 Neratii
883 2198 956 2255 opus
976 2199 993 2238 a
1012 2180 1106 2239 Paulo

98 2285 170 2344 esse,
203 2286 299 2345 neque
331 2268 477 2328 traditum
514 2272 560 2328 est
589 2286 685 2345 neque
717 2271 798 2327 certe
830 2269 968 2343 cognosci
999 2271 1108 2343 potest.

98 2374 164 2416 tum
185 2357 320 2416 notabile
344 2357 391 2430 sit,
415 2356 504 2415 Pauli
526 2357 564 2415 ad
583 2357 742 2416 Neratium
764 2356 940 2432 fragmentis
963 2357 995 2415 in
1017 2356 1107 2416 Iusti·

98 2444 178 2505 niani
206 2444 340 2524 Digestis
371 2445 541 2524 fragmenta
567 2445 685 2505 Neratii
712 2464 749 2504 ex
775 2446 995 2522 Responsorum
1022 2445 1107 2504 libris

100 2533 257 2611 desumpta
278 2554 338 2594 uon
360 2553 429 2594 raro
453 2534 561 2610 excipi,
583 2534 691 2594 veluti:

163 2641 200 2699 D.
217 2642 268 2716 15,
285 2644 313 2716 1,
329 2642 379 2701 55.
402 2640 545 2700 Neratius
567 2640 645 2700 libro
668 2640 764 2717 primo
783 2640 1012 2716 Responsorum.

163 2729 202 2789 D.
218 2731 313 2807 15,1‚
329 2731 381 2789 56.
403 2728 516 2789 Paulus
539 2729 616 2789 libro
637 2729 764 2789 serundo
788 2730 826 2788 ad
848 2728 1014 2788 Neratium.

163 2817 201 2878 D.
217 2820 269 2894 32,
285 2819 335 2878 24.
403 2817 546 2878 Neratius
567 2815 645 2877 libro
668 2818 797 2877 secundo
821 2818 1048 2894 Responsorum.

164 2906 201 2967 D.
218 2908 270 2984 32,
285 2908 336 2967 25.
404 2906 516 2966 Paulus
539 2906 616 2966 libro
639 2907 736 2983 primo
758 2907 797 2965 ad
820 2906 987 2967 Neratium.

164 2995 202 3055 D.
219 2997 270 3072 32,
286 2997 336 3055 26.
404 2995 487 3053 Idem
510 2995 587 3055 libro
610 2991 738 3055 seeundo
762 2995 800 3053 ad
822 2995 988 3054 Neratium.

165 3084 202 3144 D.
218 3085 270 3162 33,
285 3087 315 3160 7,
330 3087 381 3145 23.
404 3083 546 3142 Neratius
569 3084 647 3143 libro
671 3084 798 3143 secundo
821 3084 1050 3159 Responsorum.

165 3171 202 3233 D.
219 3174 271 3251 33,
287 3176 316 3251 7,
332 3176 381 3232 24.
405 3171 517 3232 Paulus
540 3172 617 3232 11510
640 3174 730 3232 tertio
754 3172 792 3231 ad
814 3173 979 3233 Neratium.

165 3260 204 3320 D.
219 3263 271 3338 47,
287 3263 316 3341 2,
331 3263 382 3322 84.
405 3260 547 3321 Neratius
569 3261 647 3320 libro
670 3261 767 3337 primo
790 3262 1019 3338 Responsorum.

107 3341 110 3345 ’
165 3348 203 3410 D.
219 3352 272 3426 47,
286 3353 316 3428 2,
331 3351 383 3412 85.
406 3350 517 3409 Paulus
540 3350 617 3410 libro
641 3349 769 3410 seeundo
793 3351 831 3409 ad
853 3350 1019 3423 Neratium,

105 3436 148 3497 vir
175 3438 298 3514 quidam
325 3439 431 3499 doetus
460 3439 512 3516 qui
539 3439 599 3497 iam
625 3438 742 3514 pridem
770 3439 805 3498 de
834 3438 958 3498 Neratio
990 3437 1110 3514 scripsit

106 3519 141 3606 (1.
155 3525 187 3587 O.
202 3526 310 3606 5101101,
328 3527 410 3605 Lips.
431 3519 542 3607 1788),
561 3527 686 3587 coniecit
704 3527 772 3588 illas
792 3528 830 3587 ad
847 3527 1006 3586 Neratium
1022 3530 1110 3588 notas
