2422 3976
96 179 158 245 128
173 178 220 235 III.
231 176 308 233 ΕΔΗ
318 176 466 232 CLAUDII
474 176 608 234 NERON.
619 176 761 265 annana
772 176 883 232 ΤΕΜΡ.
892 175 990 233 lama
1004 175 1125 235 CONS-

93 347 214 407 nostes
236 341 439 423 iaaueyimas
457 340 566 405 imeres
583 359 653 419 esse,
675 339 798 406 etiamsi
814 361 911 423 neque
926 341 1130 407 amanitae

93 451 188 512 neqiae
211 431 359 512 diynitete
381 449 476 512 aequa
499 428 616 494 alethae
637 428 724 494 nobis
739 449 835 512 peras
857 426 957 512 erent¹,
983 430 1029 496 aia
1048 448 1125 515 ees,

95 521 150 602 qai
167 519 357 583 maiestatem
374 523 513 583 nostem
530 518 654 583 comita
671 537 849 583 matertere
865 518 981 601 delmi,
998 517 1127 585 euers

94 627 154 673 esse
176 607 409 690 intelleyeadam
431 610 482 672 est.

184 709 209 757 a.
241 696 288 762 Ar
313 698 396 779 aaa
421 696 507 778 apud
532 714 589 760 tros
614 694 660 759 rei
684 714 723 759 ea
748 695 922 761 eivitatirae
941 694 1121 777 foederatis

95 791 124 851 et
144 786 179 851 ia
202 805 251 850 eos
273 786 436 850 damnata
457 784 742 849 animadvertimus.

186 896 332 956 Proculus
354 895 478 973 respicit
499 895 628 955 fortasse
647 895 685 954 ad
707 896 1001 956 senatusconsultum
1017 894 1110 955 Pem-

95 986 184 1062 ponio
204 989 235 1045 et
253 985 331 1044 Rufo
351 1002 425 1045 coss.
440 976 481 1065 (a.
498 979 553 1063 17)
568 985 691 1055 fantum,
711 1004 768 1061 qno
788 987 921 1062 caretur,
938 987 976 1044 ut
992 983 1107 1043 matha·

97 1074 216 1134 matieie
238 1072 396 1133 Chaldaeis
424 1073 527 1132 ariolis
554 1075 585 1131 et
612 1072 731 1147 ceteris,
760 1073 813 1150 qui
836 1073 932 1133 simile
955 1072 1103 1148 inceptum

94 1165 239 1239 fecerunt,
259 1181 337 1240 aqua
359 1164 391 1221 et
412 1161 476 1238 igni
498 1161 698 1221 interdicatur
720 1161 879 1236 omniaque
901 1161 982 1221 bona
1002 1177 1099 1221 aarum

95 1253 301 1329 publicentur,
321 1255 352 1311 et
374 1251 400 1310 ei
424 1253 613 1309 externarum
637 1250 773 1327 gentium
796 1250 863 1327 quis
883 1248 1095 1326 inferentur

94 1341 128 1400 in
147 1361 217 1401 eum
236 1339 500 1399 animadvertatur.
524 1338 629 1398 Callet.
642 1340 731 1417 15‚2,
743 1343 771 1398 1.
795 1338 832 1398 cf.
847 1338 970 1400 Sueten.
988 1335 1090 1397 libat

94 1424 253 1490 ‘Externas
277 1428 471 1488 caerimonias
485 1470 492 1486 .
507 1473 515 1490 .
530 1474 536 1487 .
552 1421 754 1504 compescuit'.

507 1605 618 1665 Liber
640 1605 690 1664 IX.

183 1731 364 1808 Fragmenta
386 1729 471 1787 nulla
493 1729 606 1788 tradita
630 1731 708 1788 suut.

517 1897 626 1958 Liber
648 1897 683 1956 X.

30 2043 35 2048 ¹
106 2097 109 2101 Ι
182 2023 364 2101 Fragmenta
387 2022 461 2081 item
482 2023 567 2110 nulla
589 2021 703 2082 tradita
726 2024 804 2081 eunt.

509 2189 617 2249 Liber
639 2190 690 2250 Xl.

387 2308 436 2373 De
458 2309 606 2391 emptione
628 2310 807 2374 reordinare.

183 2425 235 2490 34.
259 2423 297 2487 D.
311 2426 359 2506 18,
372 2426 401 2510 1,
409 2425 462 2488 69.
492 2422 580 2487 Idem
593 2423 649 2508 (se.
657 2420 827 2510 Proculus)
840 2423 924 2489 libro
935 2419 1080 2488 undecim

93 2514 327 2598 Epistularum.
351 2549 393 2559 —
416 2511 539 2576 Rutilia
562 2512 655 2577 Polla
679 2514 756 2577 emit
779 2513 885 2578 laeum
907 2510 1081 2578 Sabatenem

93 2601 309 2687 Angularium
333 2607 365 2665 et
383 2601 557 2666 circaeam
576 2602 682 2666 laeum
702 2602 798 2685 pedes
819 2601 937 2666 decem.
975 2612 1081 2685 quaero,

93 2689 249 2774 numquid
278 2695 310 2753 et
337 2690 446 2753 decem
473 2691 585 2773 pedes,
613 2691 668 2774 qui
695 2694 772 2755 tune
800 2693 1015 2769 accesserunt,
1039 2679 1083 2750 rub

94 2801 177 2862 aqua
200 2779 280 2856 sint,
304 2777 380 2862 quia
403 2779 490 2842 laeua
514 2779 624 2862 erevit,
648 2800 689 2843 an
712 2778 851 2863 proximi
874 2778 973 2863 pedes
995 2776 1085 2842 denam
1118 2834 1121 2839 .

95 2869 134 2930 ab
159 2888 242 2950 aqua
264 2865 405 2930 Rutiliae
428 2866 539 2931 Pollae
562 2868 641 2931 iuris
665 2868 742 2932 sint.
1103 2880 1106 2885 '

182 2954 338 3019 Proculus
371 2957 548 3040 respoudit:
586 2977 637 3038 eye
671 2957 810 3022 existimo
842 2961 968 3022 aetenae
986 2956 1088 3031 ‚aaa

93 3064 181 3126 qaam
203 3045 277 3108 emit
298 3043 423 3109 Rutilia
445 3045 546 3128 Polla,
571 3046 696 3129 veritae,
718 3049 868 3127 quatenus
890 3050 965 3110 tane
984 3040 1089 3126 faitel

92 3136 174 3199 eirea
196 3154 265 3197 eam
283 3134 380 3198 decem
395 3135 484 3215 pedes
502 3142 555 3215 qai
574 3135 796 3215 transiierunt,
819 3154 873 3200 nee
891 3133 926 3199 ob
945 3155 1013 3198 eam
1029 3149 1089 3209 rem,

32 3248 36 3257 ·
92 3224 173 3304 qaod
208 3223 293 3374 lacerta
323 3227 431 3305 postea
465 3225 569 3307 erevit,
606 3224 700 3289 letius
736 3244 805 3289 eam
834 3224 994 3305 possidere
1023 3219 1092 3288 delei
1129 3252 1131 3335 Ξ

93 3332 187 3395 quem
210 3332 289 3375 eme.

181 3405 225 3466 Of.
244 3406 279 3464 D.
294 3407 346 3483 41,
363 3408 392 3484 1,
408 3407 446 3463 12
468 3403 582 3465 Callist.
620 3400 728 3465 ‘Lacus
747 3408 778 3465 et
796 3407 906 3484 stagna
924 3406 998 3467 lieet
1015 3406 1093 3467 inter·

77 3545 80 3550 ’
165 3557 178 3603 1
198 3550 235 3605 F.
254 3548 307 3604 viri
324 3549 390 3604 boui
408 3547 490 3603 nobis
508 3551 649 3618 praesunt.
685 3565 732 3604 em.
751 3548 923 3606 Heloaader.
