2422 3976
361 204 386 253 e.
408 196 617 253 ravennnae
634 196 783 255 Perseus
890 278 894 285 Ι
1009 200 1078 265 493

63 382 162 446 quam
195 360 340 425 extranei
371 359 504 425 heredes
531 364 606 424 ante
634 364 765 427 senatus
792 363 976 427 consultum
1003 363 1078 449 lege

62 450 160 515 Iunia
181 448 328 514 habituri
351 452 468 531 essent,
490 448 629 532 reliquas
653 471 728 516 vero
747 456 855 534 partes
874 473 933 536 pro
951 451 1078 517 heredi-

62 538 157 605 tariis
179 537 328 623 partibus
351 536 391 602 ad
415 558 469 602 eos
491 540 660 621 pertinere.

363 714 413 781 De
430 720 634 797 patronorum
656 718 781 800 neptia.

153 833 186 897 4.
218 830 259 895 D.
278 832 331 914 23,
349 831 380 916 2,
397 831 449 895 46.
502 830 601 895 Gaius
634 832 718 895 libro
751 837 867 897 octavo
899 833 939 896 ad
971 834 1078 919 legem

60 920 184 986 Iuliam
207 926 240 984 et
257 918 400 1003 Papiam.
421 957 462 965 —
481 918 567 983 Illud
591 920 801 985 dubitationis
827 926 884 1003 est,
908 944 949 986 an
971 924 1079 1006 etqui

62 1030 270 1075 communem
297 1008 449 1072 libertam
476 1029 608 1073 uxorem
636 1008 764 1073 duxerit
791 1010 830 1075 ad
859 1011 920 1074 hoc
947 1011 997 1075 ins
1025 1012 1078 1075 ad-

61 1098 218 1163 mittatur
235 1098 293 1179 (sc.
313 1096 410 1181 ‘quod
428 1097 515 1181 dicit,
537 1097 639 1162 invito
659 1103 798 1181 patrono
817 1099 977 1179 libertam,
996 1121 1078 1184 quae

61 1188 93 1253 ei
111 1190 219 1271 nupta
237 1190 296 1267 est,
319 1185 375 1250 alii
393 1186 512 1249 nubere
530 1207 596 1249 non
616 1183 747 1272 posse’),
788 1186 960 1252 Iavolenus
979 1209 1079 1272 nega-

62 1276 122 1359 rit,
146 1274 223 1359 quia
246 1296 312 1339 non
334 1274 465 1358 proprie
489 1274 613 1338 videtur
638 1276 704 1338 eius
729 1276 855 1360 liberta,
879 1298 960 1360 quae
979 1278 1078 1342 etiam

62 1364 201 1431 alterius
225 1364 275 1428 sit

155 1466 250 1528 Gaius
276 1465 373 1525 addit:
401 1459 480 1525 ‘aliis
508 1466 732 1525 contravirum
755 1470 814 1541 est,
842 1468 913 1544 quia
935 1469 1078 1528 libertam

64 1555 130 1617 eine
150 1574 216 1617 esse
229 1555 334 1633 negari
347 1574 407 1614 non
420 1557 529 1632 potest,
548 1556 618 1614 lieet
632 1556 756 1615 alterius
771 1576 889 1634 quoque
905 1558 944 1617 sit
957 1558 1078 1638 liberta,

65 1664 157 1721 quam
179 1645 359 1705 sententiam
381 1643 516 1720 plerique
539 1648 619 1703 recte
642 1639 865 1719 probaverunt'

488 1814 537 1881 De
560 1817 662 1880 tutela

155 1930 200 1996 5?
224 1929 297 2013 Ulp.
315 1933 365 2013 11,
379 1931 431 1996 28.
452 1968 489 1977 —
570 1933 724 2014 puberem
739 1981 747 1997 .
760 1980 767 1995 .
781 1931 930 1998 Cassiani
949 1934 1079 2018 quidem

68 2042 141 2085 eum
164 2041 236 2085 esse
259 2020 384 2104 dicunt,
407 2021 461 2102 qui
483 2020 600 2084 habitu
623 2021 768 2106 eorporis
791 2022 891 2106 pubes
915 2027 1080 2107 appareat,

68 2108 99 2174 id
121 2108 249 2194 estqui
267 2129 421 2194 generare
440 2110 558 2193 possit3
582 2108 784 2175 Proculeiani
804 2115 913 2175 autem
932 2133 1005 2175 eum
1024 2111 1079 2195 qni

69 2198 325 2283 quattuordecim
351 2218 453 2261 annos
476 2199 629 2282 explevit3
653 2220 762 2263 verum
782 2199 909 2263 Priscus
930 2222 1003 2263 eum
1022 2222 1079 2282 pu·

69 2286 177 2352 berem
206 2308 290 2369 esse,
317 2287 351 2350 in
380 2307 475 2370 quem
499 2293 669 2372 utrumque
693 2289 867 2369 concurrit,
895 2292 927 2352 et
946 2288 1079 2353 habitus

69 2376 213 2461 corporis
236 2380 269 2440 et
291 2397 444 2442 numerus
468 2396 636 2440 annornm.

454 2552 503 2617 De
525 2553 697 2617 traditione.

157 2667 201 2733 6?
232 2667 271 2733 D.
285 2670 338 2752 41,
353 2670 383 2752 2,
398 2671 426 2753 1,
441 2671 492 2734 21.
538 2667 658 2732 Paulus
680 2667 765 2734 libro
789 2669 1079 2754 quinquagensimo

69 2760 186 2843 quarto
218 2757 259 2821 ad
291 2757 438 2822 edictum.
469 2795 507 2804 —
538 2755 573 2820 Si
605 2756 754 2821 iusserim
782 2757 981 2822 venditorem
1008 2780 1080 2841 pro-

69 2845 213 2911 curatori
235 2868 304 2911 rem
327 2848 463 2928 tradere,
486 2868 557 2912 eum
582 2846 675 2909 eain
700 2848 884 2928 praesentia
903 2847 954 2931 sit,
979 2848 1078 2912 videri

68 2934 151 3001 mihi
177 2934 330 3000 traditam
353 2935 482 3000 Priscus
510 2936 569 3017 ait,
596 2935 745 3019 idemque
768 2956 851 3018 esse,
879 2936 907 2998 si
930 2958 1080 3001 nummos

68 3023 251 3089 debitorem
278 3024 426 3088 iusserim
455 3025 512 3089 alii
536 3025 621 3088 dare.
658 3045 724 3088 non
748 3044 814 3089 esse
838 3023 923 3088 enim
947 3046 1080 3110 corpore

67 3116 101 3178 et
122 3116 216 3178 tactu
234 3133 363 3177 neeesse
383 3113 620 3197 adprehendere
638 3113 884 3195 possessionem,
907 3113 1080 3178 sedetiam

68 3202 174 3269 oeulis
198 3204 232 3265 et
253 3202 370 3266 effectu
389 3208 582 3286 argumento
602 3223 672 3266 esse
692 3223 746 3265 eas
766 3223 825 3281 res,
849 3223 930 3285 quae
948 3205 1081 3285 propter

67 3289 327 3377 magnitudinem
345 3291 497 3375 ponderis
516 3290 640 3355 moveri
659 3312 723 3355 non
742 3294 887 3374 possunt,
905 3297 942 3355 ut
961 3291 1080 3355 colum-

65 3400 142 3460 nas,
170 3400 247 3443 nam
274 3400 334 3463 pro
362 3379 490 3444 traditis
520 3401 573 3443 eas
597 3379 725 3460 haberi,
753 3379 837 3444 siin
861 3402 894 3444 re
917 3379 1080 3464 praesenti

65 3467 304 3552 consenserint3
328 3472 361 3532 et
382 3469 458 3533 vina
480 3469 600 3533 tradita
618 3467 731 3552 videri,
755 3491 825 3533 cum
846 3469 953 3533 claves
980 3469 1079 3533 cellae

63 3557 214 3623 vinariae
238 3557 376 3641 emptori
399 3557 539 3622 traditae
561 3556 690 3623 fuerint.
