2422 3976
91 186 159 251 530
462 181 735 237 semmurum.

457 344 637 411 buleutam
658 345 743 410 solvi.

184 463 236 528 58.
266 461 305 527 D.
333 462 387 547 46,
415 463 444 545 7,
475 464 503 526 7.
531 459 633 526 Gaius
664 461 748 526 libro
770 461 948 528 vicensimo
972 462 1108 545 septimo

94 551 136 617 ad
159 551 299 617 edietum
322 550 529 634 provinciale.
553 585 596 596 -
616 601 622 614 .
638 601 644 614 .
660 599 668 615 .
686 548 832 614 Iulianus
854 572 923 615 non
943 553 1040 635 putat

94 664 170 707 narn
270 660 461 723 responsum
489 659 568 722 esse,
596 638 624 703 si
647 639 719 723 quis
742 639 911 704 absentem
935 639 1107 704 defendens

95 729 175 795 satis
203 727 340 810 dederit,
373 727 501 806 deinde,
532 727 584 792 vel
612 725 770 810 counitor¹
798 728 839 792 ab
867 750 906 792 eo
936 728 1032 793 datus
1059 726 1108 792 rel

94 822 270 903 postquem
283 816 377 882 heres
393 816 423 880 ei
437 816 553 894 extitit,
571 816 726 881 iudicium
740 816 908 901 acceperit,
921 814 1106 900 sponsores²

96 928 161 973 non
185 905 296 971 teneri

184 999 228 1058 De
256 1016 347 1059 eursu
368 997 489 1075 publieo
518 1017 684 1058 sermonem
711 1017 776 1059 esse
798 999 966 1059 Mommsen
992 999 1104 1059 oonieit.

425 1150 543 1218 Rotam
565 1173 630 1217 rem
652 1153 779 1218 baberi?

184 1267 236 1334 59.
265 1265 341 1332 Vat.
363 1266 401 1332 fr.
421 1267 494 1334 333.
529 1264 778 1355 (Papinianus‘l)
806 1268 889 1333 libro
908 1267 971 1334 XV
992 1264 1104 1353 (XIIP)

99 1356 352 1442 Responsorum.
385 1392 427 1402 -
459 1358 616 1422 Absentis
647 1360 887 1438 procuratorem
921 1358 1002 1423 satis
1034 1358 1101 1421 dure

99 1444 213 1512 debere
237 1445 275 1509 de
299 1449 370 1510 rato
394 1444 539 1510 habendo
638 1466 828 1529 responsum
852 1450 909 1511 est.

358 1680 389 1752 2.
421 1679 600 1775 Reliquae
629 1680 850 1767 sententiae,

296 1816 391 1889 quae
419 1817 495 1868 non
522 1817 702 1888 responsa
728 1795 914 1868 dicuntur.

395 1972 423 2017 a.
447 1951 504 2015 Ad
526 1951 584 2015 ins
608 1951 812 2034 publicum.

155 2074 205 2142 De
227 2075 359 2140 tribunis
377 2075 488 2158 plebis,
511 2075 673 2153 aedilibus,
697 2075 850 2140 iudicibus
872 2075 1051 2140 decernoiris.

191 2193 216 2255 1.
243 2190 309 2253 Liv.
324 2191 353 2270 3,
367 2188 419 2254 55.
444 2228 485 2235 -
510 2213 651 2255 ...oum
677 2191 832 2274 religione
856 2190 1029 2254 inviolatos
1051 2207 1093 2251 eos

98 2283 155 2363 (so.
183 2277 346 2362 tribunos)
376 2283 446 2341 tum
474 2279 544 2362 lege
568 2281 666 2343 etiam
689 2279 837 2343 fecerunt
861 2279 1046 2359 sanciendo,
1065 2277 1094 2337 ut

99 2369 154 2453 qui
196 2368 333 2431 tribunis
379 2367 483 2449 plebis
522 2367 679 2431 aedilibus
721 2367 880 2431 iudicibus
919 2364 1091 2432 decemviris

98 2456 298 2537 nocuissent,
327 2455 394 2518 eius
423 2460 521 2538 eaput
548 2455 618 2520 lovi
647 2478 772 2520 suerum
796 2460 894 2535 esset,
919 2456 1042 2520 familia
1062 2449 1092 2514 ad

99 2546 209 2608 ruodenr
243 2543 367 2609 Cereris
399 2543 508 2607 Liberi
544 2544 739 2630 Liberaeque
775 2567 891 2608 venum
929 2546 1000 2608 iret.
1046 2542 1092 2603 hae

100 2635 169 2717 lege
193 2634 271 2697 iuris
295 2633 487 2714 interpretes
514 2637 637 2717 negant
656 2655 848 2717 quemqnam
869 2638 1091 2697 sacrosanctum

99 2745 182 2804 esse,
214 2721 268 2785 sed
300 2742 371 2784 oum
403 2722 475 2805 quis
506 2744 616 2785 eorum
647 2723 698 2786 eui
727 2723 887 2804 nocuerit,
920 2721 953 2785 id
984 2736 1092 2785 sacrum

99 2810 225 2874 sanciri.
277 2811 384 2893 itaque
415 2810 550 2873 aedilem
583 2810 696 2893 prendi
724 2811 858 2894 ducique
888 2833 907 2873 a
936 2808 1092 2873 maioribus

99 2899 356 2983 uragistrutibus,
380 2898 465 2983 quod
489 2899 548 2961 etsi
572 2920 637 2962 non
660 2899 728 2962 iure
752 2899 809 2962 fiat
829 2936 870 2944 —
891 2899 1001 2963 noceri
1023 2896 1091 2959 enin

99 2989 138 3069 ei,
161 2988 212 3050 eui
234 2987 294 3050 huo
314 2988 384 3070 lege
404 3008 469 3050 non
488 2987 583 3051 liceat
605 3024 642 3034 -
664 2992 771 3051 tamen
791 2991 1017 3071 argumentum
1035 3000 1090 3046 esse

99 3098 165 3140 non
203 3075 316 3138 haberi
352 3098 409 3158 pro
443 3098 533 3139 sacro
567 3081 743 3160 sanctoque
775 3077 928 3140 aedilem:
961 3075 1090 3139 tribunos

99 3172 206 3227 vetere
234 3165 303 3226 iure
330 3164 466 3227 iurando
488 3165 607 3246 plebiS,
635 3187 707 3229 oum
735 3167 876 3247 primum
901 3187 971 3228 eam
1000 3166 1090 3246 potes·

98 3259 200 3316 tutem
237 3253 372 3330 creavit,
409 3260 629 3317 sacrosanctos
665 3275 743 3317 esse.
801 3253 891 3316 fuere
923 3254 977 3337 qui
1011 3253 1089 3313 inter-

99 3347 315 3422 pretarentur.
343 3342 453 3403 eadem
481 3343 541 3405 hae
564 3342 702 3405 Horatia
729 3343 798 3426 lege
822 3342 1088 3420 consulibusque

172 3486 185 3530 l
207 3480 281 3533 litt.
302 3482 471 3548 procurator.

170 3555 186 3600 2‘
209 3551 282 3603 Trib.
303 3549 485 3605 filleina-sores.
