<?xml version="1.0" encoding="UTF-8"?>
<!DOCTYPE html PUBLIC "-//W3C//DTD XHTML 1.0 Transitional//EN"
    "http://www.w3.org/TR/xhtml1/DTD/xhtml1-transitional.dtd">
<html xmlns="http://www.w3.org/1999/xhtml" xml:lang="en" lang="en">
 <head>
  <title>
</title>
<meta http-equiv="Content-Type" content="text/html;charset=utf-8" />
  <meta name='ocr-system' content='tesseract 3.04.00' />
  <meta name='ocr-capabilities' content='ocr_page ocr_carea ocr_par ocr_line ocrx_word'/>
</head>
<body>
  <div class='ocr_page' id='page_1' title='image "./iurisprudentiae01bremgoog_0376.png"; bbox 0 0 2422 3976; ppageno 0'>
   <div class='ocr_carea' id='block_1_1' title="bbox 383 179 1107 249">
    <p class='ocr_par' dir='ltr' id='par_1_1' title="bbox 383 179 1107 249">
     <span class='ocr_line' id='line_1_1' title="bbox 383 179 1107 249; baseline 0.021 -15"><span class='ocrx_word' id='word_1_1' title='bbox 383 186 408 238; x_wconf 78' lang='lat'><strong>4.</strong></span> <span class='ocrx_word' id='word_1_2' title='bbox 432 181 463 237; x_wconf 85' lang='lat' dir='ltr'><strong>L.</strong></span> <span class='ocrx_word' id='word_1_3' title='bbox 482 179 666 238; x_wconf 68' lang='lat' dir='ltr'><strong>humulus</strong></span> <span class='ocrx_word' id='word_1_4' title='bbox 683 181 830 240; x_wconf 82' lang='lat' dir='ltr'><strong>Palscus</strong></span> <span class='ocrx_word' id='word_1_5' title='bbox 1044 184 1107 249; x_wconf 85' lang='lat'><strong>341</strong></span> 
     </span>
    </p>
   </div>
   <div class='ocr_carea' id='block_1_2' title="bbox 461 368 749 445">
    <p class='ocr_par' dir='ltr' id='par_1_2' title="bbox 461 368 749 445">
     <span class='ocr_line' id='line_1_2' title="bbox 461 368 749 445; baseline 0.007 -18"><span class='ocrx_word' id='word_1_6' title='bbox 461 368 509 427; x_wconf 87' lang='lat' dir='ltr'><strong>De</strong></span> <span class='ocrx_word' id='word_1_7' title='bbox 529 372 620 429; x_wconf 71' lang='lat' dir='ltr'><strong>socio</strong></span> <span class='ocrx_word' id='word_1_8' title='bbox 642 369 749 445; x_wconf 66' lang='lat' dir='ltr'><strong>epasa</strong></span> 
     </span>
    </p>
   </div>
   <div class='ocr_carea' id='block_1_3' title="bbox 112 467 1107 712">
    <p class='ocr_par' dir='ltr' id='par_1_3' title="bbox 112 467 1107 712">
     <span class='ocr_line' id='line_1_3' title="bbox 191 467 1106 555; baseline 0.005 -22"><span class='ocrx_word' id='word_1_9' title='bbox 191 469 243 535; x_wconf 92' lang='grc'><strong>11.</strong></span> <span class='ocrx_word' id='word_1_10' title='bbox 273 467 313 534; x_wconf 91' lang='lat' dir='ltr'><strong>D.</strong></span> <span class='ocrx_word' id='word_1_11' title='bbox 332 469 385 548; x_wconf 88' lang='lat'><strong>33,</strong></span> <span class='ocrx_word' id='word_1_12' title='bbox 403 469 435 555; x_wconf 84' lang='lat'><strong>5,</strong></span> <span class='ocrx_word' id='word_1_13' title='bbox 454 470 504 535; x_wconf 89' lang='lat'><strong>18.</strong></span> <span class='ocrx_word' id='word_1_14' title='bbox 555 468 709 536; x_wconf 85' lang='lat' dir='ltr'><strong>Scaevola</strong></span> <span class='ocrx_word' id='word_1_15' title='bbox 740 471 824 537; x_wconf 93' lang='lat' dir='ltr'><strong>libro</strong></span> <span class='ocrx_word' id='word_1_16' title='bbox 856 472 953 536; x_wconf 90' lang='lat' dir='ltr'><strong>tertio</strong></span> <span class='ocrx_word' id='word_1_17' title='bbox 983 472 1106 540; x_wconf 90' lang='lat' dir='ltr'><strong>decimo</strong></span> 
     </span>
     <span class='ocr_line' id='line_1_4' title="bbox 112 552 1107 712; baseline 0.003 -89"><span class='ocrx_word' id='word_1_18' title='bbox 112 552 335 633; x_wconf 71' lang='lat' dir='ltr'><strong>Quaestionum</strong></span> <span class='ocrx_word' id='word_1_19' title='bbox 353 555 404 644; x_wconf 92' lang='lat' dir='ltr'><strong>(P</strong></span> <span class='ocrx_word' id='word_1_20' title='bbox 419 555 508 712; x_wconf 63' lang='grc'>171).</span> <span class='ocrx_word' id='word_1_21' title='bbox 534 594 573 606; x_wconf 94' lang='grc'>-</span> <span class='ocrx_word' id='word_1_22' title='bbox 597 558 739 624; x_wconf 89' lang='lat' dir='ltr'><strong>Homine</strong></span> <span class='ocrx_word' id='word_1_23' title='bbox 758 561 868 645; x_wconf 87' lang='lat' dir='ltr'><strong>legato</strong></span> <span class='ocrx_word' id='word_1_24' title='bbox 886 558 1039 626; x_wconf 77' lang='lat' dir='ltr'><strong>Neratius</strong></span> <span class='ocrx_word' id='word_1_25' title='bbox 1060 561 1107 627; x_wconf 92' lang='lat' dir='ltr'><strong>ait</strong></span> 
     </span>
    </p>
   </div>
   <div class='ocr_carea' id='block_1_4' title="bbox 96 643 1108 1969">
    <p class='ocr_par' dir='ltr' id='par_1_4' title="bbox 108 643 457 819">
     <span class='ocr_line' id='line_1_5' title="bbox 110 643 457 732; baseline 0.006 -21"><span class='ocrx_word' id='word_1_26' title='bbox 110 643 183 711; x_wconf 84' lang='lat' dir='ltr'><strong>nihil</strong></span> <span class='ocrx_word' id='word_1_27' title='bbox 208 645 263 732; x_wconf 83' lang='lat' dir='ltr'><strong>agi</strong></span> <span class='ocrx_word' id='word_1_28' title='bbox 287 644 457 731; x_wconf 89' lang='lat' dir='ltr'><strong>repudiato</strong></span> 
     </span>
     <span class='ocr_line' id='line_1_6' title="bbox 108 754 206 819; baseline -0.02 -18"><span class='ocrx_word' id='word_1_29' title='bbox 108 754 206 819; x_wconf 88' lang='lat' dir='ltr'><strong>posse.</strong></span> 
     </span>
    </p>

    <p class='ocr_par' dir='ltr' id='par_1_5' title="bbox 96 820 1108 1776">
     <span class='ocr_line' id='line_1_7' title="bbox 190 820 1105 912; baseline 0.002 -23"><span class='ocrx_word' id='word_1_30' title='bbox 190 822 241 891; x_wconf 89' lang='grc'><strong>12.</strong></span> <span class='ocrx_word' id='word_1_31' title='bbox 263 820 304 889; x_wconf 92' lang='lat' dir='ltr'><strong>D.</strong></span> <span class='ocrx_word' id='word_1_32' title='bbox 318 822 370 905; x_wconf 83' lang='lat'><strong>35,</strong></span> <span class='ocrx_word' id='word_1_33' title='bbox 386 826 415 909; x_wconf 91' lang='lat'><strong>1,</strong></span> <span class='ocrx_word' id='word_1_34' title='bbox 428 825 482 890; x_wconf 79' lang='grc'><strong>37.</strong></span> <span class='ocrx_word' id='word_1_35' title='bbox 517 823 636 890; x_wconf 90' lang='lat' dir='ltr'><strong>Paulus</strong></span> <span class='ocrx_word' id='word_1_36' title='bbox 659 825 743 889; x_wconf 88' lang='lat' dir='ltr'><strong>libro</strong></span> <span class='ocrx_word' id='word_1_37' title='bbox 762 826 920 912; x_wconf 79' lang='lat' dir='ltr'><strong>singulari</strong></span> <span class='ocrx_word' id='word_1_38' title='bbox 939 826 979 890; x_wconf 89' lang='lat' dir='ltr'><strong>ad</strong></span> <span class='ocrx_word' id='word_1_39' title='bbox 998 827 1105 910; x_wconf 88' lang='lat' dir='ltr'><strong>legem</strong></span> 
     </span>
     <span class='ocr_line' id='line_1_8' title="bbox 106 908 1105 1000; baseline 0.003 -25"><span class='ocrx_word' id='word_1_40' title='bbox 106 908 227 977; x_wconf 77' lang='lat' dir='ltr'><strong>Fufiam</strong></span> <span class='ocrx_word' id='word_1_41' title='bbox 246 910 417 978; x_wconf 79' lang='lat' dir='ltr'><strong>Caniniam</strong></span> <span class='ocrx_word' id='word_1_42' title='bbox 435 909 484 1000; x_wconf 92' lang='lat' dir='ltr'><strong>(P.</strong></span> <span class='ocrx_word' id='word_1_43' title='bbox 499 911 588 1000; x_wconf 91' lang='grc'>925).</span> <span class='ocrx_word' id='word_1_44' title='bbox 613 950 652 961; x_wconf 90' lang='grc'>-</span> <span class='ocrx_word' id='word_1_45' title='bbox 677 911 712 979; x_wconf 84' lang='lat' dir='ltr'><strong>Si</strong></span> <span class='ocrx_word' id='word_1_46' title='bbox 731 915 802 998; x_wconf 92' lang='lat' dir='ltr'><strong>quis</strong></span> <span class='ocrx_word' id='word_1_47' title='bbox 822 937 903 998; x_wconf 88' lang='lat' dir='ltr'><strong>eum,</strong></span> <span class='ocrx_word' id='word_1_48' title='bbox 922 936 1016 1000; x_wconf 91' lang='lat' dir='ltr'><strong>quem</strong></span> <span class='ocrx_word' id='word_1_49' title='bbox 1035 915 1105 998; x_wconf 90' lang='lat' dir='ltr'><strong>ipse</strong></span> 
     </span>
     <span class='ocr_line' id='line_1_9' title="bbox 104 1000 1107 1088; baseline 0.003 -23"><span class='ocrx_word' id='word_1_50' title='bbox 104 1000 327 1067; x_wconf 78' lang='lat' dir='ltr'><strong>manumittere</strong></span> <span class='ocrx_word' id='word_1_51' title='bbox 349 1022 414 1067; x_wconf 89' lang='lat' dir='ltr'><strong>non</strong></span> <span class='ocrx_word' id='word_1_52' title='bbox 436 1005 576 1087; x_wconf 90' lang='lat' dir='ltr'><strong>poterat,</strong></span> <span class='ocrx_word' id='word_1_53' title='bbox 603 1003 759 1087; x_wconf 77' lang='lat' dir='ltr'><strong>legaverit</strong></span> <span class='ocrx_word' id='word_1_54' title='bbox 781 1003 841 1082; x_wconf 88' lang='lat' dir='ltr'><strong>ita,</strong></span> <span class='ocrx_word' id='word_1_55' title='bbox 864 1007 901 1068; x_wconf 92' lang='lat' dir='ltr'><strong>ut</strong></span> <span class='ocrx_word' id='word_1_56' title='bbox 924 1025 997 1068; x_wconf 88' lang='lat' dir='ltr'><strong>eum</strong></span> <span class='ocrx_word' id='word_1_57' title='bbox 1020 1002 1107 1088; x_wconf 87' lang='lat' dir='ltr'><strong>lega·</strong></span> 
     </span>
     <span class='ocr_line' id='line_1_10' title="bbox 103 1090 1104 1176; baseline 0.002 -22"><span class='ocrx_word' id='word_1_58' title='bbox 103 1090 203 1155; x_wconf 85' lang='lat' dir='ltr'><strong>tarius</strong></span> <span class='ocrx_word' id='word_1_59' title='bbox 234 1090 492 1175; x_wconf 75' lang='lat' dir='ltr'><strong>manumitteret,</strong></span> <span class='ocrx_word' id='word_1_60' title='bbox 524 1091 600 1172; x_wconf 87' lang='lat' dir='ltr'><strong>[etsi</strong></span> <span class='ocrx_word' id='word_1_61' title='bbox 628 1114 648 1155; x_wconf 91' lang='lat' dir='ltr'><strong>a</strong></span> <span class='ocrx_word' id='word_1_62' title='bbox 676 1091 785 1176; x_wconf 91' lang='lat' dir='ltr'><strong>legato</strong></span> <span class='ocrx_word' id='word_1_63' title='bbox 813 1113 878 1157; x_wconf 92' lang='lat' dir='ltr'><strong>non</strong></span> <span class='ocrx_word' id='word_1_64' title='bbox 905 1092 1104 1176; x_wconf 84' lang='lat' dir='ltr'><strong>repellatur,]</strong></span> 
     </span>
     <span class='ocr_line' id='line_1_11' title="bbox 102 1178 1105 1266; baseline 0.001 -23"><span class='ocrx_word' id='word_1_65' title='bbox 102 1199 167 1244; x_wconf 89' lang='lat' dir='ltr'><strong>uon</strong></span> <span class='ocrx_word' id='word_1_66' title='bbox 185 1183 237 1244; x_wconf 88' lang='lat' dir='ltr'><strong>est</strong></span> <span class='ocrx_word' id='word_1_67' title='bbox 254 1178 493 1263; x_wconf 89' lang='lat' dir='ltr'><strong>compellendus</strong></span> <span class='ocrx_word' id='word_1_68' title='bbox 519 1183 556 1244; x_wconf 92' lang='lat' dir='ltr'><strong>ut</strong></span> <span class='ocrx_word' id='word_1_69' title='bbox 579 1182 796 1263; x_wconf 88' lang='lat' dir='ltr'><strong>manumittat,</strong></span> <span class='ocrx_word' id='word_1_70' title='bbox 814 1181 967 1266; x_wconf 87' lang='lat' dir='ltr'><strong>quoniam</strong></span> <span class='ocrx_word' id='word_1_71' title='bbox 984 1180 1105 1245; x_wconf 89' lang='lat' dir='ltr'><strong>totiens</strong></span> 
     </span>
     <span class='ocr_line' id='line_1_12' title="bbox 102 1266 1108 1354; baseline -0.002 -21"><span class='ocrx_word' id='word_1_72' title='bbox 102 1266 276 1333; x_wconf 85' lang='lat' dir='ltr'><strong>secundum</strong></span> <span class='ocrx_word' id='word_1_73' title='bbox 312 1267 513 1333; x_wconf 87' lang='lat' dir='ltr'><strong>voluntatem</strong></span> <span class='ocrx_word' id='word_1_74' title='bbox 550 1270 717 1334; x_wconf 88' lang='lat' dir='ltr'><strong>testatoris</strong></span> <span class='ocrx_word' id='word_1_75' title='bbox 753 1269 859 1334; x_wconf 89' lang='lat' dir='ltr'><strong>facere</strong></span> <span class='ocrx_word' id='word_1_76' title='bbox 895 1269 1108 1354; x_wconf 88' lang='lat' dir='ltr'><strong>compellitur,</strong></span> 
     </span>
     <span class='ocr_line' id='line_1_13' title="bbox 99 1354 1108 1442; baseline 0.002 -22"><span class='ocrx_word' id='word_1_77' title='bbox 99 1356 249 1441; x_wconf 85' lang='lat' dir='ltr'><strong>quotiens</strong></span> <span class='ocrx_word' id='word_1_78' title='bbox 276 1360 389 1421; x_wconf 87' lang='lat' dir='ltr'><strong>contra</strong></span> <span class='ocrx_word' id='word_1_79' title='bbox 415 1357 521 1441; x_wconf 91' lang='lat' dir='ltr'><strong>legem</strong></span> <span class='ocrx_word' id='word_1_80' title='bbox 548 1356 631 1424; x_wconf 90' lang='lat' dir='ltr'><strong>nihil</strong></span> <span class='ocrx_word' id='word_1_81' title='bbox 658 1358 703 1422; x_wconf 91' lang='lat' dir='ltr'><strong>sit</strong></span> <span class='ocrx_word' id='word_1_82' title='bbox 725 1357 878 1423; x_wconf 85' lang='lat' dir='ltr'><strong>futurum.</strong></span> <span class='ocrx_word' id='word_1_83' title='bbox 923 1357 1021 1442; x_wconf 91' lang='lat' dir='ltr'><strong>idque</strong></span> <span class='ocrx_word' id='word_1_84' title='bbox 1044 1354 1108 1422; x_wconf 77' lang='lat' dir='ltr'><strong>Ne·</strong></span> 
     </span>
     <span class='ocr_line' id='line_1_14' title="bbox 98 1445 1107 1531; baseline 0 -21"><span class='ocrx_word' id='word_1_85' title='bbox 98 1445 202 1510; x_wconf 74' lang='lat' dir='ltr'><strong>mtius</strong></span> <span class='ocrx_word' id='word_1_86' title='bbox 231 1445 375 1528; x_wconf 80' lang='lat' dir='ltr'><strong>scripsit,</strong></span> <span class='ocrx_word' id='word_1_87' title='bbox 402 1448 570 1510; x_wconf 89' lang='lat' dir='ltr'><strong>ettamen</strong></span> <span class='ocrx_word' id='word_1_88' title='bbox 597 1469 617 1511; x_wconf 92' lang='lat' dir='ltr'><strong>a</strong></span> <span class='ocrx_word' id='word_1_89' title='bbox 643 1447 750 1531; x_wconf 87' lang='lat' dir='ltr'><strong>legato</strong></span> <span class='ocrx_word' id='word_1_90' title='bbox 778 1468 842 1510; x_wconf 90' lang='lat' dir='ltr'><strong>uon</strong></span> <span class='ocrx_word' id='word_1_91' title='bbox 868 1467 938 1511; x_wconf 88' lang='lat' dir='ltr'><strong>esse</strong></span> <span class='ocrx_word' id='word_1_92' title='bbox 961 1468 1033 1510; x_wconf 89' lang='lat' dir='ltr'><strong>eum</strong></span> <span class='ocrx_word' id='word_1_93' title='bbox 1057 1467 1107 1510; x_wconf 87' lang='lat' dir='ltr'><strong>rc-</strong></span> 
     </span>
     <span class='ocr_line' id='line_1_15' title="bbox 96 1532 1106 1620; baseline 0.001 -23"><span class='ocrx_word' id='word_1_94' title='bbox 96 1532 300 1618; x_wconf 87' lang='lat' dir='ltr'><strong>pollendum,</strong></span> <span class='ocrx_word' id='word_1_95' title='bbox 333 1533 486 1617; x_wconf 92' lang='lat' dir='ltr'><strong>quoniam</strong></span> <span class='ocrx_word' id='word_1_96' title='bbox 517 1534 623 1618; x_wconf 90' lang='lat' dir='ltr'><strong>magis</strong></span> <span class='ocrx_word' id='word_1_97' title='bbox 652 1534 846 1620; x_wconf 87' lang='lat' dir='ltr'><strong>legatarium</strong></span> <span class='ocrx_word' id='word_1_98' title='bbox 873 1533 993 1619; x_wconf 86' lang='lat' dir='ltr'><strong>aliquid</strong></span> <span class='ocrx_word' id='word_1_99' title='bbox 1021 1556 1106 1598; x_wconf 92' lang='lat' dir='ltr'><strong>com·</strong></span> 
     </span>
     <span class='ocr_line' id='line_1_16' title="bbox 97 1621 1107 1708; baseline 0.001 -22"><span class='ocrx_word' id='word_1_100' title='bbox 97 1621 232 1688; x_wconf 91' lang='lat' dir='ltr'><strong>modum</strong></span> <span class='ocrx_word' id='word_1_101' title='bbox 258 1625 398 1687; x_wconf 83' lang='lat' dir='ltr'><strong>testator</strong></span> <span class='ocrx_word' id='word_1_102' title='bbox 424 1623 459 1686; x_wconf 91' lang='lat' dir='ltr'><strong>in</strong></span> <span class='ocrx_word' id='word_1_103' title='bbox 484 1622 547 1688; x_wconf 90' lang='lat' dir='ltr'><strong>hoe</strong></span> <span class='ocrx_word' id='word_1_104' title='bbox 577 1643 669 1688; x_wconf 81' lang='lat' dir='ltr'><strong>servo</strong></span> <span class='ocrx_word' id='word_1_105' title='bbox 698 1645 794 1708; x_wconf 88' lang='lat' dir='ltr'><strong>quam</strong></span> <span class='ocrx_word' id='word_1_106' title='bbox 816 1623 966 1688; x_wconf 85' lang='lat' dir='ltr'><strong>heredem</strong></span> <span class='ocrx_word' id='word_1_107' title='bbox 988 1623 1107 1688; x_wconf 86' lang='lat' dir='ltr'><strong>habore</strong></span> 
     </span>
     <span class='ocr_line' id='line_1_17' title="bbox 98 1711 265 1776; baseline -0.012 0"><span class='ocrx_word' id='word_1_108' title='bbox 98 1711 265 1776; x_wconf 82' lang='lat' dir='ltr'><strong>voluisset</strong></span> 
     </span>
    </p>

    <p class='ocr_par' dir='ltr' id='par_1_6' title="bbox 96 1802 1108 1969">
     <span class='ocr_line' id='line_1_18' title="bbox 187 1802 1108 1866; baseline 0.003 -4"><span class='ocrx_word' id='word_1_109' title='bbox 187 1802 310 1863; x_wconf 80' lang='lat' dir='ltr'><strong>Inclusa</strong></span> <span class='ocrx_word' id='word_1_110' title='bbox 330 1804 423 1864; x_wconf 79' lang='lat' dir='ltr'><strong>verba</strong></span> <span class='ocrx_word' id='word_1_111' title='bbox 446 1823 464 1863; x_wconf 91' lang='lat' dir='ltr'><strong>a</strong></span> <span class='ocrx_word' id='word_1_112' title='bbox 486 1805 666 1866; x_wconf 87' lang='lat' dir='ltr'><strong>Triboniano</strong></span> <span class='ocrx_word' id='word_1_113' title='bbox 689 1806 804 1866; x_wconf 88' lang='lat' dir='ltr'><strong>inserta</strong></span> <span class='ocrx_word' id='word_1_114' title='bbox 826 1825 891 1866; x_wconf 89' lang='lat' dir='ltr'><strong>esse</strong></span> <span class='ocrx_word' id='word_1_115' title='bbox 913 1805 1038 1866; x_wconf 87' lang='lat' dir='ltr'><strong>Pernice</strong></span> <span class='ocrx_word' id='word_1_116' title='bbox 1061 1807 1108 1865; x_wconf 92' lang='lat' dir='ltr'><strong>III</strong></span> 
     </span>
     <span class='ocr_line' id='line_1_19' title="bbox 96 1893 418 1969; baseline 0 -17"><span class='ocrx_word' id='word_1_117' title='bbox 96 1912 126 1969; x_wconf 87' lang='lat' dir='ltr'><strong>p.</strong></span> <span class='ocrx_word' id='word_1_118' title='bbox 141 1894 185 1953; x_wconf 84' lang='lat'><strong>36</strong></span> <span class='ocrx_word' id='word_1_119' title='bbox 209 1895 273 1952; x_wconf 87' lang='lat' dir='ltr'><strong>nl</strong></span> <span class='ocrx_word' id='word_1_120' title='bbox 296 1893 418 1953; x_wconf 85' lang='lat' dir='ltr'><strong>iudicat.</strong></span> 
     </span>
    </p>
   </div>
   <div class='ocr_carea' id='block_1_5' title="bbox 97 1991 1108 2346">
    <p class='ocr_par' dir='ltr' id='par_1_7' title="bbox 97 1991 1108 2346">
     <span class='ocr_line' id='line_1_20' title="bbox 191 1991 1108 2080; baseline 0 -21"><span class='ocrx_word' id='word_1_121' title='bbox 191 1994 244 2059; x_wconf 85' lang='lat'><strong>13.</strong></span> <span class='ocrx_word' id='word_1_122' title='bbox 270 1992 310 2058; x_wconf 92' lang='lat' dir='ltr'><strong>D.</strong></span> <span class='ocrx_word' id='word_1_123' title='bbox 329 1995 381 2075; x_wconf 89' lang='lat'><strong>30,</strong></span> <span class='ocrx_word' id='word_1_124' title='bbox 398 1994 496 2079; x_wconf 82' lang='lat' dir='ltr'><strong>45pr.</strong></span> <span class='ocrx_word' id='word_1_125' title='bbox 542 1991 740 2080; x_wconf 84' lang='lat' dir='ltr'><strong>Pomponius</strong></span> <span class='ocrx_word' id='word_1_126' title='bbox 763 1996 847 2060; x_wconf 90' lang='lat' dir='ltr'><strong>libro</strong></span> <span class='ocrx_word' id='word_1_127' title='bbox 872 2002 962 2060; x_wconf 86' lang='lat' dir='ltr'><strong>sexto</strong></span> <span class='ocrx_word' id='word_1_128' title='bbox 987 1996 1026 2059; x_wconf 89' lang='lat' dir='ltr'><strong>ad</strong></span> <span class='ocrx_word' id='word_1_129' title='bbox 1051 1993 1108 2059; x_wconf 83' lang='lat' dir='ltr'><strong>Sa·</strong></span> 
     </span>
     <span class='ocr_line' id='line_1_21' title="bbox 97 2078 1107 2170; baseline -0.001 -21"><span class='ocrx_word' id='word_1_130' title='bbox 97 2082 214 2149; x_wconf 89' lang='lat' dir='ltr'><strong>binum</strong></span> <span class='ocrx_word' id='word_1_131' title='bbox 245 2078 297 2170; x_wconf 89' lang='lat' dir='ltr'><strong>(P.</strong></span> <span class='ocrx_word' id='word_1_132' title='bbox 314 2080 405 2169; x_wconf 84' lang='lat'><strong>498).</strong></span> <span class='ocrx_word' id='word_1_133' title='bbox 434 2120 475 2130; x_wconf 94' lang='lat'>-</span> <span class='ocrx_word' id='word_1_134' title='bbox 504 2079 539 2147; x_wconf 83' lang='lat' dir='ltr'><strong>Si</strong></span> <span class='ocrx_word' id='word_1_135' title='bbox 571 2107 591 2149; x_wconf 91' lang='lat' dir='ltr'><strong>a</strong></span> <span class='ocrx_word' id='word_1_136' title='bbox 623 2085 799 2150; x_wconf 89' lang='lat' dir='ltr'><strong>substituto</strong></span> <span class='ocrx_word' id='word_1_137' title='bbox 826 2084 944 2169; x_wconf 90' lang='lat' dir='ltr'><strong>pupilli</strong></span> <span class='ocrx_word' id='word_1_138' title='bbox 974 2083 1107 2148; x_wconf 85' lang='lat' dir='ltr'><strong>ancillas</strong></span> 
     </span>
     <span class='ocr_line' id='line_1_22' title="bbox 97 2170 1108 2257; baseline -0.001 -20"><span class='ocrx_word' id='word_1_139' title='bbox 97 2170 160 2237; x_wconf 72' lang='lat' dir='ltr'><strong>nti</strong></span> <span class='ocrx_word' id='word_1_140' title='bbox 180 2171 342 2257; x_wconf 88' lang='lat' dir='ltr'><strong>legassem</strong></span> <span class='ocrx_word' id='word_1_141' title='bbox 361 2193 479 2256; x_wconf 88' lang='lat' dir='ltr'><strong>easque</strong></span> <span class='ocrx_word' id='word_1_142' title='bbox 496 2175 532 2236; x_wconf 92' lang='lat' dir='ltr'><strong>tu</strong></span> <span class='ocrx_word' id='word_1_143' title='bbox 552 2194 571 2237; x_wconf 90' lang='lat' dir='ltr'><strong>a</strong></span> <span class='ocrx_word' id='word_1_144' title='bbox 589 2174 711 2257; x_wconf 90' lang='lat' dir='ltr'><strong>pupillo</strong></span> <span class='ocrx_word' id='word_1_145' title='bbox 731 2173 862 2237; x_wconf 89' lang='lat' dir='ltr'><strong>emisses</strong></span> <span class='ocrx_word' id='word_1_146' title='bbox 882 2178 915 2236; x_wconf 91' lang='lat' dir='ltr'><strong>et</strong></span> <span class='ocrx_word' id='word_1_147' title='bbox 934 2177 1108 2257; x_wconf 88' lang='lat' dir='ltr'><strong>antequam</strong></span> 
     </span>
     <span class='ocr_line' id='line_1_23' title="bbox 99 2258 1108 2346; baseline -0.001 -22"><span class='ocrx_word' id='word_1_148' title='bbox 99 2258 200 2325; x_wconf 88' lang='lat' dir='ltr'><strong>scires</strong></span> <span class='ocrx_word' id='word_1_149' title='bbox 223 2259 286 2326; x_wconf 92' lang='lat' dir='ltr'><strong>tibi</strong></span> <span class='ocrx_word' id='word_1_150' title='bbox 309 2259 434 2345; x_wconf 88' lang='lat' dir='ltr'><strong>legatas</strong></span> <span class='ocrx_word' id='word_1_151' title='bbox 458 2282 528 2325; x_wconf 86' lang='lat' dir='ltr'><strong>esso</strong></span> <span class='ocrx_word' id='word_1_152' title='bbox 552 2261 754 2346; x_wconf 84' lang='lat' dir='ltr'><strong>alienaveris,</strong></span> <span class='ocrx_word' id='word_1_153' title='bbox 776 2263 856 2326; x_wconf 90' lang='lat' dir='ltr'><strong>utile</strong></span> <span class='ocrx_word' id='word_1_154' title='bbox 875 2262 1020 2344; x_wconf 84' lang='lat' dir='ltr'><strong>legatum</strong></span> <span class='ocrx_word' id='word_1_155' title='bbox 1039 2280 1108 2324; x_wconf 89' lang='lat' dir='ltr'><strong>esse</strong></span> 
     </span>
    </p>
   </div>
   <div class='ocr_carea' id='block_1_6' title="bbox 97 2345 815 2434">
    <p class='ocr_par' dir='ltr' id='par_1_8' title="bbox 97 2345 815 2434">
     <span class='ocr_line' id='line_1_24' title="bbox 97 2345 815 2434; baseline 0.001 -21"><span class='ocrx_word' id='word_1_156' title='bbox 97 2345 256 2414; x_wconf 84' lang='lat' dir='ltr'><strong>Neratius</strong></span> <span class='ocrx_word' id='word_1_157' title='bbox 280 2351 314 2413; x_wconf 89' lang='lat' dir='ltr'><strong>et</strong></span> <span class='ocrx_word' id='word_1_158' title='bbox 332 2348 448 2414; x_wconf 81' lang='lat' dir='ltr'><strong>Aristo</strong></span> <span class='ocrx_word' id='word_1_159' title='bbox 472 2354 505 2413; x_wconf 90' lang='lat' dir='ltr'><strong>et</strong></span> <span class='ocrx_word' id='word_1_160' title='bbox 528 2347 642 2415; x_wconf 90' lang='lat' dir='ltr'><strong>Ofilius</strong></span> <span class='ocrx_word' id='word_1_161' title='bbox 666 2353 815 2434; x_wconf 88' lang='lat' dir='ltr'><strong>probant.</strong></span> 
     </span>
    </p>
   </div>
   <div class='ocr_carea' id='block_1_7' title="bbox 507 646 1108 735">
    <p class='ocr_par' dir='ltr' id='par_1_9' title="bbox 507 646 1108 735">
     <span class='ocr_line' id='line_1_25' title="bbox 507 646 1108 735; baseline 0.003 -23"><span class='ocrx_word' id='word_1_162' title='bbox 507 647 649 732; x_wconf 90' lang='lat' dir='ltr'><strong>amphilc</strong></span> <span class='ocrx_word' id='word_1_163' title='bbox 672 646 782 734; x_wconf 87' lang='lat' dir='ltr'><strong>itaque</strong></span> <span class='ocrx_word' id='word_1_164' title='bbox 805 671 878 713; x_wconf 91' lang='lat' dir='ltr'><strong>eum</strong></span> <span class='ocrx_word' id='word_1_165' title='bbox 901 650 1008 733; x_wconf 90' lang='lat' dir='ltr'><strong>ipsum</strong></span> <span class='ocrx_word' id='word_1_166' title='bbox 1031 651 1108 735; x_wconf 81' lang='lat' dir='ltr'><strong>eligi</strong></span> 
     </span>
    </p>
   </div>
   <div class='ocr_carea' id='block_1_8' title="bbox 417 2532 790 2593">
    <p class='ocr_par' dir='ltr' id='par_1_10' title="bbox 417 2532 790 2593">
     <span class='ocr_line' id='line_1_26' title="bbox 417 2532 790 2593; baseline 0.005 -3"><span class='ocrx_word' id='word_1_167' title='bbox 417 2532 462 2591; x_wconf 83' lang='lat' dir='ltr'><strong>De</strong></span> <span class='ocrx_word' id='word_1_168' title='bbox 484 2533 629 2592; x_wconf 77' lang='lat' dir='ltr'><strong>Muciana</strong></span> <span class='ocrx_word' id='word_1_169' title='bbox 652 2532 790 2593; x_wconf 71' lang='lat' dir='ltr'><strong>cnutone.</strong></span> 
     </span>
    </p>
   </div>
   <div class='ocr_carea' id='block_1_9' title="bbox 101 2626 1110 3141">
    <p class='ocr_par' dir='ltr' id='par_1_11' title="bbox 101 2626 1110 3141">
     <span class='ocr_line' id='line_1_27' title="bbox 191 2626 1107 2717; baseline -0.001 -19"><span class='ocrx_word' id='word_1_170' title='bbox 191 2633 244 2698; x_wconf 89' lang='lat'><strong>14.</strong></span> <span class='ocrx_word' id='word_1_171' title='bbox 267 2630 307 2696; x_wconf 90' lang='lat' dir='ltr'><strong>D.</strong></span> <span class='ocrx_word' id='word_1_172' title='bbox 316 2630 369 2716; x_wconf 84' lang='lat'><strong>35,</strong></span> <span class='ocrx_word' id='word_1_173' title='bbox 385 2632 413 2715; x_wconf 92' lang='lat'><strong>1,</strong></span> <span class='ocrx_word' id='word_1_174' title='bbox 425 2634 442 2696; x_wconf 80' lang='lat'><strong>7</strong></span> <span class='ocrx_word' id='word_1_175' title='bbox 451 2653 499 2716; x_wconf 90' lang='lat' dir='ltr'><strong>pr.</strong></span> <span class='ocrx_word' id='word_1_176' title='bbox 529 2630 692 2716; x_wconf 87' lang='lat' dir='ltr'><strong>Ulpianus</strong></span> <span class='ocrx_word' id='word_1_177' title='bbox 706 2633 789 2697; x_wconf 90' lang='lat' dir='ltr'><strong>libro</strong></span> <span class='ocrx_word' id='word_1_178' title='bbox 804 2635 918 2697; x_wconf 87' lang='lat' dir='ltr'><strong>octavo</strong></span> <span class='ocrx_word' id='word_1_179' title='bbox 933 2626 1107 2717; x_wconf 73' lang='lat' dir='ltr'><strong>decimo(t)</strong></span> 
     </span>
     <span class='ocr_line' id='line_1_28' title="bbox 101 2716 1108 2806; baseline -0.003 -20"><span class='ocrx_word' id='word_1_180' title='bbox 101 2720 143 2786; x_wconf 95' lang='lat' dir='ltr'><strong>ad</strong></span> <span class='ocrx_word' id='word_1_181' title='bbox 161 2716 320 2786; x_wconf 81' lang='lat' dir='ltr'><strong>Sabinum</strong></span> <span class='ocrx_word' id='word_1_182' title='bbox 342 2718 392 2806; x_wconf 92' lang='lat' dir='ltr'><strong>(P.</strong></span> <span class='ocrx_word' id='word_1_183' title='bbox 406 2718 518 2805; x_wconf 88' lang='grc'>2595).</span> <span class='ocrx_word' id='word_1_184' title='bbox 542 2757 584 2767; x_wconf 97' lang='grc'><strong>-</strong></span> <span class='ocrx_word' id='word_1_185' title='bbox 606 2721 776 2786; x_wconf 90' lang='lat' dir='ltr'><strong>Mucianae</strong></span> <span class='ocrx_word' id='word_1_186' title='bbox 800 2721 958 2785; x_wconf 87' lang='lat' dir='ltr'><strong>cautionis</strong></span> <span class='ocrx_word' id='word_1_187' title='bbox 981 2719 1108 2784; x_wconf 84' lang='lat' dir='ltr'><strong>utilitas</strong></span> 
     </span>
     <span class='ocr_line' id='line_1_29' title="bbox 101 2808 1110 2895; baseline -0.002 -21"><span class='ocrx_word' id='word_1_188' title='bbox 101 2808 253 2874; x_wconf 86' lang='lat' dir='ltr'><strong>consistit</strong></span> <span class='ocrx_word' id='word_1_189' title='bbox 275 2809 310 2874; x_wconf 91' lang='lat' dir='ltr'><strong>in</strong></span> <span class='ocrx_word' id='word_1_190' title='bbox 332 2808 587 2892; x_wconf 89' lang='lat' dir='ltr'><strong>condicionibus,</strong></span> <span class='ocrx_word' id='word_1_191' title='bbox 616 2831 696 2895; x_wconf 92' lang='lat' dir='ltr'><strong>quae</strong></span> <span class='ocrx_word' id='word_1_192' title='bbox 719 2811 754 2873; x_wconf 93' lang='lat' dir='ltr'><strong>in</strong></span> <span class='ocrx_word' id='word_1_193' title='bbox 776 2831 841 2875; x_wconf 91' lang='lat' dir='ltr'><strong>non</strong></span> <span class='ocrx_word' id='word_1_194' title='bbox 864 2808 1009 2874; x_wconf 87' lang='lat' dir='ltr'><strong>faciendo</strong></span> <span class='ocrx_word' id='word_1_195' title='bbox 1035 2812 1110 2873; x_wconf 88' lang='lat' dir='ltr'><strong>sunt</strong></span> 
     </span>
     <span class='ocr_line' id='line_1_30' title="bbox 101 2896 1109 2983; baseline -0.002 -20"><span class='ocrx_word' id='word_1_196' title='bbox 101 2901 290 2982; x_wconf 86' lang='lat' dir='ltr'><strong>conceptae,</strong></span> <span class='ocrx_word' id='word_1_197' title='bbox 311 2900 350 2963; x_wconf 90' lang='lat' dir='ltr'><strong>nt</strong></span> <span class='ocrx_word' id='word_1_198' title='bbox 376 2901 457 2981; x_wconf 88' lang='lat' dir='ltr'><strong>puta</strong></span> <span class='ocrx_word' id='word_1_199' title='bbox 484 2896 525 2962; x_wconf 79' lang='lat' dir='ltr'><strong>‘si</strong></span> <span class='ocrx_word' id='word_1_200' title='bbox 547 2899 582 2962; x_wconf 92' lang='lat' dir='ltr'><strong>in</strong></span> <span class='ocrx_word' id='word_1_201' title='bbox 602 2896 797 2983; x_wconf 83' lang='lat' dir='ltr'><strong>Capitolium</strong></span> <span class='ocrx_word' id='word_1_202' title='bbox 819 2920 884 2962; x_wconf 91' lang='lat' dir='ltr'><strong>non</strong></span> <span class='ocrx_word' id='word_1_203' title='bbox 908 2897 1109 2979; x_wconf 87' lang='lat' dir='ltr'><strong>ascenderit&#39;,</strong></span> 
     </span>
     <span class='ocr_line' id='line_1_31' title="bbox 101 2982 1110 3071; baseline -0.003 -20"><span class='ocrx_word' id='word_1_204' title='bbox 101 2985 141 3051; x_wconf 74' lang='lat' dir='ltr'><strong>‘si</strong></span> <span class='ocrx_word' id='word_1_205' title='bbox 165 2982 314 3051; x_wconf 83' lang='lat' dir='ltr'><strong>Stichum</strong></span> <span class='ocrx_word' id='word_1_206' title='bbox 341 3007 407 3051; x_wconf 92' lang='lat' dir='ltr'><strong>non</strong></span> <span class='ocrx_word' id='word_1_207' title='bbox 436 2985 669 3052; x_wconf 87' lang='lat' dir='ltr'><strong>manumiserit&#39;</strong></span> <span class='ocrx_word' id='word_1_208' title='bbox 694 2991 726 3049; x_wconf 90' lang='lat' dir='ltr'><strong>et</strong></span> <span class='ocrx_word' id='word_1_209' title='bbox 748 2987 781 3050; x_wconf 92' lang='lat' dir='ltr'><strong>in</strong></span> <span class='ocrx_word' id='word_1_210' title='bbox 805 2986 980 3071; x_wconf 82' lang='lat' dir='ltr'><strong>similibus3</strong></span> <span class='ocrx_word' id='word_1_211' title='bbox 1009 2991 1042 3049; x_wconf 87' lang='lat' dir='ltr'><strong>et</strong></span> <span class='ocrx_word' id='word_1_212' title='bbox 1064 2987 1110 3050; x_wconf 87' lang='lat' dir='ltr'><strong>ita</strong></span> 
     </span>
     <span class='ocr_line' id='line_1_32' title="bbox 101 3073 880 3141; baseline 0.003 -2"><span class='ocrx_word' id='word_1_213' title='bbox 101 3074 252 3139; x_wconf 84' lang='lat' dir='ltr'><strong>Aristoni</strong></span> <span class='ocrx_word' id='word_1_214' title='bbox 274 3079 307 3139; x_wconf 87' lang='lat' dir='ltr'><strong>et</strong></span> <span class='ocrx_word' id='word_1_215' title='bbox 329 3073 462 3140; x_wconf 87' lang='lat' dir='ltr'><strong>Neratio</strong></span> <span class='ocrx_word' id='word_1_216' title='bbox 487 3078 519 3139; x_wconf 91' lang='lat' dir='ltr'><strong>et</strong></span> <span class='ocrx_word' id='word_1_217' title='bbox 541 3074 668 3140; x_wconf 84' lang='lat' dir='ltr'><strong>Iuliano</strong></span> <span class='ocrx_word' id='word_1_218' title='bbox 693 3075 797 3138; x_wconf 86' lang='lat' dir='ltr'><strong>visum</strong></span> <span class='ocrx_word' id='word_1_219' title='bbox 821 3079 880 3141; x_wconf 91' lang='lat' dir='ltr'><strong>est.</strong></span> 
     </span>
    </p>
   </div>
   <div class='ocr_carea' id='block_1_10' title="bbox 431 3255 787 3332">
    <p class='ocr_par' dir='ltr' id='par_1_12' title="bbox 431 3255 787 3332">
     <span class='ocr_line' id='line_1_33' title="bbox 431 3255 787 3332; baseline 0 -16"><span class='ocrx_word' id='word_1_220' title='bbox 431 3255 483 3318; x_wconf 77' lang='lat' dir='ltr'><strong>Aa</strong></span> <span class='ocrx_word' id='word_1_221' title='bbox 504 3259 591 3332; x_wconf 61' lang='lat' dir='ltr'><strong>roem</strong></span> <span class='ocrx_word' id='word_1_222' title='bbox 615 3257 787 3317; x_wconf 61' lang='lat' dir='ltr'><strong>romeam.</strong></span> 
     </span>
    </p>
   </div>
   <div class='ocr_carea' id='block_1_11' title="bbox 101 3355 1143 3620">
    <p class='ocr_par' dir='ltr' id='par_1_13' title="bbox 101 3355 1143 3620">
     <span class='ocr_line' id='line_1_34' title="bbox 194 3355 1110 3442; baseline -0.007 -20"><span class='ocrx_word' id='word_1_223' title='bbox 194 3355 245 3423; x_wconf 89' lang='grc'><strong>15.</strong></span> <span class='ocrx_word' id='word_1_224' title='bbox 274 3356 313 3422; x_wconf 89' lang='grc' dir='ltr'><strong>Ι).</strong></span> <span class='ocrx_word' id='word_1_225' title='bbox 332 3356 385 3442; x_wconf 85' lang='lat'><strong>35,</strong></span> <span class='ocrx_word' id='word_1_226' title='bbox 404 3358 433 3441; x_wconf 87' lang='grc'><strong>2,</strong></span> <span class='ocrx_word' id='word_1_227' title='bbox 452 3358 504 3423; x_wconf 89' lang='grc'><strong>82.</strong></span> <span class='ocrx_word' id='word_1_228' title='bbox 550 3357 709 3442; x_wconf 88' lang='lat' dir='ltr'><strong>Ulpianus</strong></span> <span class='ocrx_word' id='word_1_229' title='bbox 737 3359 821 3423; x_wconf 91' lang='lat' dir='ltr'><strong>libro</strong></span> <span class='ocrx_word' id='word_1_230' title='bbox 850 3363 965 3423; x_wconf 88' lang='lat' dir='ltr'><strong>octavo</strong></span> <span class='ocrx_word' id='word_1_231' title='bbox 995 3355 1110 3438; x_wconf 89' lang='lat' dir='ltr'><strong>Dispu-</strong></span> 
     </span>
     <span class='ocr_line' id='line_1_35' title="bbox 101 3443 1111 3532; baseline -0.005 -21"><span class='ocrx_word' id='word_1_232' title='bbox 101 3446 266 3511; x_wconf 86' lang='lat' dir='ltr'><strong>tationum</strong></span> <span class='ocrx_word' id='word_1_233' title='bbox 290 3444 338 3532; x_wconf 92' lang='lat' dir='ltr'><strong>(P.</strong></span> <span class='ocrx_word' id='word_1_234' title='bbox 355 3444 443 3530; x_wconf 85' lang='lat'><strong>144).</strong></span> <span class='ocrx_word' id='word_1_235' title='bbox 467 3483 509 3493; x_wconf 94' lang='lat'>-</span> <span class='ocrx_word' id='word_1_236' title='bbox 534 3445 761 3530; x_wconf 86' lang='lat' dir='ltr'><strong>Quaerebatur,</strong></span> <span class='ocrx_word' id='word_1_237' title='bbox 785 3468 856 3511; x_wconf 90' lang='lat' dir='ltr'><strong>cum</strong></span> <span class='ocrx_word' id='word_1_238' title='bbox 881 3447 907 3510; x_wconf 89' lang='lat' dir='ltr'><strong>is</strong></span> <span class='ocrx_word' id='word_1_239' title='bbox 931 3444 985 3529; x_wconf 90' lang='lat' dir='ltr'><strong>qui</strong></span> <span class='ocrx_word' id='word_1_240' title='bbox 1006 3443 1111 3508; x_wconf 90' lang='lat' dir='ltr'><strong>solum</strong></span> 
     </span>
     <span class='ocr_line' id='line_1_36' title="bbox 101 3532 1143 3620; baseline -0.003 -21"><span class='ocrx_word' id='word_1_241' title='bbox 101 3533 136 3599; x_wconf 93' lang='lat' dir='ltr'><strong>in</strong></span> <span class='ocrx_word' id='word_1_242' title='bbox 159 3535 292 3600; x_wconf 88' lang='lat' dir='ltr'><strong>nornine</strong></span> <span class='ocrx_word' id='word_1_243' title='bbox 311 3535 548 3620; x_wconf 86' lang='lat' dir='ltr'><strong>quadringenta</strong></span> <span class='ocrx_word' id='word_1_244' title='bbox 566 3535 599 3598; x_wconf 92' lang='lat' dir='ltr'><strong>in</strong></span> <span class='ocrx_word' id='word_1_245' title='bbox 619 3536 713 3601; x_wconf 91' lang='lat' dir='ltr'><strong>bonis</strong></span> <span class='ocrx_word' id='word_1_246' title='bbox 732 3535 873 3601; x_wconf 89' lang='lat' dir='ltr'><strong>habebat</strong></span> <span class='ocrx_word' id='word_1_247' title='bbox 890 3535 954 3617; x_wconf 90' lang='lat' dir='ltr'><strong>ipsi</strong></span> <span class='ocrx_word' id='word_1_248' title='bbox 973 3532 1112 3597; x_wconf 90' lang='lat' dir='ltr'><strong>debitori</strong></span> <span class='ocrx_word' id='word_1_249' title='bbox 1138 3598 1143 3612; x_wconf 60' lang='grc'>,</span> 
     </span>
    </p>
   </div>
   <div class='ocr_carea' id='block_1_12' title="bbox 0 0 1216 3976">
    <p class='ocr_par' dir='ltr' id='par_1_14' title="bbox 0 0 1216 3976">
     <span class='ocr_line' id='line_1_37' title="bbox 0 0 1216 3976; baseline 0 0"><span class='ocrx_word' id='word_1_250' title='bbox 0 0 1216 3976; x_wconf 95' lang='lat' dir='ltr'><strong> </strong></span> 
     </span>
    </p>
   </div>
  </div>
 </body>
</html>
