2422 3976
377 167 404 216 4.
426 161 457 217 L.
475 158 657 216 NERATIUS
675 159 822 217 Priscus
1039 161 1111 227 349.

98 330 223 391 curator
245 345 299 390 eos
318 345 385 388 non
403 323 472 388 eius
491 323 620 388 nomine
639 322 772 409 accepit,
795 325 884 389 cuius
904 346 958 390 eos
978 324 1105 390 debitor

97 413 163 478 fieri
198 412 282 495 uult,
313 415 352 494 ,et
387 411 491 477 invite
523 412 653 477 domino
687 434 741 477 eos
774 413 1003 479 contrectando
1036 414 1104 478 sine

101 500 191 567 dubio
208 501 332 567 furtum
350 500 439 566 facit
477 500 562 586 quod
582 501 610 566 si
628 501 673 566 ita
692 501 746 566 det
765 501 901 586 debitor,
926 506 962 566 ut
980 502 1105 567 nummi

103 591 310 673 procuratoris
332 589 428 674 fiant,
452 591 543 655 nullo
567 589 663 655 modo
687 612 760 654 eum
783 589 906 655 furtum
930 590 1035 656 fecere
1059 592 1105 656 ait

104 679 260 745 uoluntate
284 677 406 744 domini
430 700 484 743 eos
509 678 702 763 accipiendo.

454 855 504 921 De
527 857 748 939 aponoculo.

59 984 61 1057 j
182 983 234 1050 48.
262 979 302 1046 D.
316 981 346 1061 9,
359 981 390 1063 2,
404 981 504 1066 23pr.
548 978 710 1064 Ulpianus
737 981 820 1046 libro
844 990 958 1047 octavo
982 981 1105 1048 decimo

59 1108 61 1113 -
112 1067 142 1133 ed
160 1071 298 1136 edictum
321 1065 371 1154 (P.
386 1069 476 1156 616).
501 1104 540 1117 -·
565 1069 769 1135 ..Neratius
793 1070 919 1149 scribit,
942 1070 971 1134 si
993 1092 1105 1136 servus

59 1166 62 1225 l
111 1153 187 1224 heres
219 1158 389 1224 institutus
422 1159 547 1223 occisus
580 1158 637 1243 sit,
669 1160 766 1223 etiam
792 1158 982 1224 hereditatis
1010 1160 1105 1224 aesti·

59 1300 62 1347 1
111 1248 272 1314 nationem
293 1245 411 1312 venire.

59 1352 64 1441 ι
184 1342 219 1402 cl.
234 1340 300 1402 Gai.
315 1343 345 1419 3,
360 1342 433 1400 212.
471 1333 545 1400 ‘Nec
569 1342 668 1400 solnm
690 1359 799 1418 corpus
821 1341 853 1400 in
876 1340 992 1401 actione
1015 1341 1105 1401 huius

111 1423 173 1507 legis
199 1429 392 1506 aestimatur3
419 1428 472 1489 sed
499 1447 569 1489 sane
598 1429 625 1489 si
648 1448 733 1490 servo
758 1430 853 1490 occiso
876 1431 945 1505 plus
968 1430 1106 1489 dominus

59 1454 62 1593 Ι
112 1519 194 1592 capiat
220 1517 323 1579 damni
350 1537 440 1595 quam
467 1518 599 1594 pretium
627 1519 706 1578 servi
732 1519 785 1594 sit,
813 1519 844 1577 id
872 1538 989 1596 quoque
1015 1518 1106 1579 aesti-

59 1598 62 1685 l
112 1609 209 1684 natur,
236 1606 332 1668 veluti
360 1607 386 1665 si
413 1624 517 1667 servus
546 1624 631 1666 meus
654 1607 691 1666 ab
715 1608 815 1685 aliquo
839 1608 925 1668 heres
948 1608 1106 1667 institutus

59 1688 62 1751 l
111 1696 257 1772 antequam
278 1694 363 1755 iussu
385 1714 452 1755 meo
476 1695 673 1755 hereditatem
696 1699 840 1775 comeret,
863 1696 977 1756 occisus
1000 1697 1106 1774 fuerit3
1196 1751 1200 1764 ,

110 1796 157 1842 non
178 1785 259 1844 enim
280 1786 401 1844 tantum
423 1783 517 1860 ipsius
540 1784 671 1860 pretium
693 1785 878 1861 aestimatur,
902 1786 952 1845 sed
972 1789 1003 1846 et
1021 1787 1106 1846 here-

110 1867 199 1933 ditatis
221 1872 350 1933 amissae
373 1865 546 1950 quantitas'.

183 1974 237 2040 49.
270 1971 308 2039 D.
327 1973 358 2054 9,
372 1975 402 2052 2,
416 1973 447 2056 9,
461 1975 490 2038 2.
540 1971 701 2057 Ulpianus
729 1973 813 2039 libro
841 1980 954 2041 octavo
983 1976 1105 2041 decimo

107 2060 139 2126 ad
165 2063 306 2128 edictum
329 2061 378 2144 (P.
394 2058 496 2146 eleb).
524 2099 562 2109 —
588 2061 623 2127 Si
651 2062 721 2147 quis
748 2063 913 2128 hominem
940 2064 1025 2128 fame
1052 2086 1106 2128 ne-

107 2150 231 2229 caverit,
255 2151 291 2214 in
312 2150 434 2216 factum
457 2152 581 2216 actione
604 2152 709 2216 teneri
731 2151 886 2217 Neratius
910 2153 964 2216 ait

185 2245 222 2305 ef.
237 2243 302 2304 Gai.
318 2247 347 2322 3,
362 2246 435 2305 219.
477 2239 630 2304 ‘Ueterum
653 2245 774 2320 placuit,
790 2246 834 2304 ita
857 2246 975 2304 demum
995 2265 1030 2304 ex
1047 2245 1107 2304 ista

102 2331 162 2410 lege
186 2333 334 2393 actionem
357 2352 429 2410 esse,
453 2334 479 2392 si
502 2333 569 2411 quis
592 2352 715 2409 corpore
738 2352 791 2392 suc
815 2334 957 2393 damnum
976 2333 1106 2410 dederit3

100 2421 223 2500 ideoque
256 2422 316 2482 alio
348 2423 436 2482 modo
468 2422 575 2482 damno
608 2423 679 2482 dato
712 2423 800 2482 utiles
828 2423 960 2482 actiones
988 2423 1106 2498 dantur,

100 2512 191 2571 ueluti
218 2511 244 2571 si
272 2510 339 2588 quis
365 2510 500 2570 alienum
527 2511 676 2570 hominem
791 2511 948 2570 incluserit
974 2506 1106 2570 etfama

98 2600 250 2662 necaverit
272 2645 278 2658 .
294 2643 300 2658 .
315 2593 335 2658 .'

185 2700 252 2767 50⁸.
285 2698 400 2767 Collat.
422 2701 471 2783 12,
493 2701 521 2782 7,
541 2701 570 2765 l.
621 2701 780 2783 Ulpianus
807 2700 893 2765 libre
921 2699 1034 2765 XVIII
1067 2702 1107 2766 ad

98 2790 238 2856 edictum
341 2825 386 2835 -
413 2787 448 2854 Si
474 2789 557 2854 forte
586 2811 711 2874 servus,
738 2789 794 2874 qui
820 2789 905 2852 idem
932 2790 1107 2856 conductor

97 2882 161 2962 est,
194 2877 303 2944 coloni
334 2877 374 2942 ad
406 2877 570 2942 fornacem
603 2877 817 2943 obdormisset
844 2881 876 2941 et
903 2878 982 2942 villa
1009 2879 1108 2943 fuerit

97 2970 222 3051 exusta,
243 2964 398 3031 Neratius
417 2967 530 3032 scribit
548 2989 586 3031 ex
605 2967 711 3031 locato
730 2970 924 3031 conventum
942 2972 1107 3052 praestare

96 3056 230 3138 debere,
253 3055 281 3119 si
303 3055 479 3140 neglegens
502 3054 537 3119 in
560 3053 723 3139 elegendis
747 3053 937 3119 ministeriis
960 3056 1031 3121 fuit.

188 3157 257 3228 50b.
282 3159 322 3227 D.
337 3161 366 3244 9,
380 3162 411 3243 2,
425 3162 478 3243 27,
492 3162 522 3228 9.
562 3160 723 3244 Ulpianus
743 3161 827 3226 libro
851 3167 965 3227 octavo
985 3162 1107 3226 decimo

95 3251 138 3317 ad
167 3250 308 3315 edictum
331 3247 379 3337 (P.
395 3247 481 3336 623).
508 3286 546 3296 -
575 3248 609 3314 si
636 3249 836 3315 fornacarius
864 3272 975 3315 servus
1002 3249 1108 3314 coloni

97 3340 139 3405 ad
154 3339 320 3404 fornacem
334 3338 551 3404 obdormisset
565 3343 597 3403 et
610 3338 689 3402 villa
702 3337 800 3403 fuerit
815 3343 937 3423 exusta,
954 3337 1106 3405 Neratius

96 3428 215 3495 scribit
234 3449 273 3492 ex
289 3427 397 3492 locato
416 3431 611 3493 conventum
629 3431 792 3512 praestare
812 3427 936 3512 debere,
954 3428 982 3492 si
1000 3428 1108 3512 negle-

95 3538 181 3604 gens
203 3516 239 3581 in
263 3516 420 3601 eligendis
444 3516 630 3582 ministeriis
654 3516 723 3583 fuit.
