2422 3976
95 191 161 255 380
197 189 231 244 V.
250 187 400 242 NERVAE
419 187 467 243 ET
486 187 637 243 TRAIANI
656 189 764 246 ΤΕΜΡ.
783 189 881 246 leals
900 189 1080 247 CONSULTI

93 355 217 420 tionem
246 351 422 417 secundum
450 351 613 417 Aristonis
642 353 838 418 sententiam
864 356 1008 437 constet,
1036 376 1105 420 cum

94 441 158 527 ipsi
180 441 248 506 filio
271 462 338 506 non
361 441 524 506 videretur
547 463 618 506 esse
642 441 797 507 solvendo
819 442 998 509 hereditas.
1094 489 1097 495 ι

184 535 265 605 Quae
290 538 470 612 sequuntur:
498 530 540 594 ‘et
561 535 617 593 hoc
639 535 684 594 ite
706 540 761 612 est,
785 535 857 596 licet
877 554 940 596 non
963 536 1106 598 condicio·

94 624 204 684 naliter
227 624 437 700 expressisset,
459 624 643 684 intellexisse
665 627 767 684 temen
790 624 1037 686 manifestissime
1058 626 1106 685 ad·

93 707 260 791 probetur’,
292 732 352 772 non
384 713 541 788 Marciani,
573 713 626 772 sed
653 713 827 773 Triboniuni
857 713 1000 773 habenda
1032 719 1105 774 sunt.

95 804 131 862 cf.
155 801 363 880 {tradenwita
395 801 426 862 Z.
451 802 477 862 d.
501 800 845 879 sav.-se.v11,sasq.
902 800 1029 864 Peruice
1053 802 1107 880 111,

96 893 139 952 10
161 911 191 950 n.
207 893 234 950 3.

186 974 235 1040 18.
265 972 305 1038 D.
325 973 378 1053 30,
398 974 494 1057 14pr.
541 972 701 1056 Ulpianus
728 973 812 1039 libro
840 974 956 1059 quinto
985 974 1106 1041 decimo

95 1063 136 1128 ad
167 1060 323 1128 Sabinum
351 1060 401 1145 (P.
420 1059 533 1148 2532).
562 1097 605 1109 -
634 1059 669 1127 si
696 1062 744 1127 ita
770 1063 814 1126 sit
841 1061 1044 1146 adscriptum
1069 1060 1106 1128 ‘si

94 1152 147 1216 cui
174 1152 323 1236 legavero
352 1151 418 1237 bis,
446 1150 546 1216 semel
573 1149 666 1215 heres
695 1152 725 1215 ei
748 1149 836 1217 dato'
859 1152 912 1216 vel
935 1149 987 1217 ‘ut
1011 1151 1106 1218 semel

95 1237 273 1322 debeatur'‚
300 1244 333 1305 et
361 1238 464 1305 eidem
491 1239 571 1304 duas
600 1240 801 1325 quantitates
825 1239 1039 1326 adscripserit
1058 1240 1105 1305 vel

95 1327 175 1394 duos
202 1327 334 1412 fundos,
362 1350 405 1393 an
431 1333 604 1413 utrumque
631 1327 807 1394 debeatur?
857 1332 891 1393 et
919 1328 968 1395 ait
995 1329 1105 1395 Aristo

95 1439 196 1482 unum
218 1417 322 1481 videri
344 1417 499 1502 legatum.

184 1510 359 1587 Sequuntur
396 1511 481 1569 haec:
519 1505 601 1569 ‘nam
636 1510 716 1586 quod
752 1510 927 1587 ademptum
959 1515 1020 1586 est,
1054 1530 1105 1572 nec

96 1598 200 1658 datum
222 1598 317 1657 videri
336 1599 498 1659 secundum
517 1598 598 1659 Celsi
616 1601 648 1659 et
665 1599 799 1658 Marcelli
818 1599 1009 1674 sententiam,
1033 1619 1103 1677 quse

95 1705 167 1745 vera
189 1681 255 1746 est'.
301 1707 354 1762 pro
379 1681 499 1748 ‘videri'
522 1707 589 1747 eum
612 1687 734 1748 Lenelio
757 1682 900 1748 ‘videtur'
923 1689 1028 1768 legere
1049 1707 1104 1749 nou

96 1792 170 1850 opus
189 1778 242 1848 est,
262 1794 330 1835 cum
348 1776 488 1836 extremis
506 1777 605 1837 verbis
620 1777 716 1836 oratio
731 1777 862 1854 obliqua,
879 1796 958 1853 quae
976 1781 1103 1851 vocetur,

95 1866 292 1935 contineatur,
315 1884 376 1942 qua
398 1863 478 1925 Celsi
501 1868 532 1925 et
554 1864 689 1924 Marcelli
712 1865 891 1925 sententiam
915 1865 954 1926 ab
977 1866 1102 1943 Ulpiano

95 1950 239 2012 traditam
262 1953 394 2013 induisse
418 1953 617 2014 Tribonianus
640 1955 759 2015 videtur
781 1954 855 2014 satis
877 1954 1030 2017 habuisse.

424 2112 475 2173 Aa
498 2115 585 2187 tepea
607 2113 781 2173 Falcidiam.

188 2214 236 2278 19.
260 2213 298 2278 D.
313 2213 365 2297 35,
379 2216 409 2295 2,
427 2218 454 2297 1,
470 2217 499 2280 9.
536 2214 654 2279 Paulus
674 2215 757 2279 libro
772 2215 932 2300 singulari
948 2217 990 2282 ed
1004 2218 1101 2302 legem

96 2301 275 2367 Falcidiam
305 2302 352 2383 (P.
371 2302 473 2390 9210).
500 2339 545 2350 -
573 2301 606 2368 si
639 2325 716 2367 usus
744 2302 869 2368 fructus
899 2305 1031 2389 legatus
1058 2306 1103 2385 sit,

98 2392 152 2474 qui
176 2395 209 2456 et
232 2390 331 2455 dividi
355 2396 476 2475 potest,
504 2415 582 2477 non,
606 2392 691 2456 siout
714 2396 837 2456 ceterae
861 2394 1038 2459 servitutes
1059 2395 1101 2458 in-

98 2480 246 2544 dividuae
271 2484 355 2563 sunt,
378 2480 585 2562 <individuus
607 2480 687 2565 est),
711 2485 834 2546 veteres
858 2482 991 2566 quidem
1016 2483 1101 2548 aesti-

97 2569 250 2632 mandum
282 2573 387 2633 totum
420 2592 513 2634 usum
545 2568 686 2634 fructum
713 2571 872 2653 putabant
901 2573 934 2635 et
961 2572 1011 2637 ita
1038 2593 1101 2638 cou-

97 2658 306 2739 stituendum‚
322 2667 476 2741 quantum
492 2660 582 2722 sitin
596 2659 715 2743 legato.
739 2658 799 2727 ,sed
808 2658 920 2724 Aristo
937 2666 1100 2726 aveterum

98 2744 249 2827 opinione
273 2746 420 2829 recessit3
451 2748 498 2812 ait
521 2748 605 2811 enim
628 2768 723 2830 posse
747 2750 896 2832 quartam
920 2754 1048 2832 partem
1070 2769 1100 2812 ex

97 2853 135 2895 eo
160 2834 205 2900 sio
228 2839 264 2898 ut
288 2857 326 2898 ex
349 2836 536 2919 corporibus
560 2835 703 2899 retineri.

408 2994 457 3059 Da
478 2997 617 3060 cautione
639 2995 803 3061 Mariano.

187 3097 238 3162 20.
268 3097 306 3162 D.
321 3099 372 3177 35,
389 3101 417 3180 1,
433 3103 507 3184 lpr.
552 3100 714 3185 Ulpianus
737 3101 821 3166 libro
845 3107 964 3170 octavo
988 3104 1101 3170 decimo

98 3186 138 3248 ad
163 3183 320 3249 Sabinum
345 3186 392 3273 (P.
407 3189 518 3273 2595).
542 3226 584 3236 —
607 3189 777 3255 Mucianae
800 3194 964 3258 cautionis
987 3194 1100 3259 utilitas

98 3274 250 3338 consistit
278 3275 311 3337 in
340 3278 580 3343 condicionibus
610 3301 692 3363 quae
715 3279 749 3343 in
772 3300 839 3343 non
862 3279 1011 3347 faciendo
1034 3281 1099 3346 suut

98 3368 284 3446 conceptae,
309 3366 345 3427 ut
367 3370 445 3447 puta
468 3366 508 3431 ‘si
531 3366 729 3452 Capitolium
752 3389 819 3432 non
843 3370 1046 3455 ascenderit,
1066 3366 1098 3431 ‘si

99 3447 244 3516 Stichum
282 3473 347 3515 non
384 3455 619 3521 manumiserit'
653 3461 684 3521 et
716 3457 750 3520 in
783 3457 961 3539 similibus,
998 3464 1031 3524 et
1058 3457 1099 3521 ita

100 3538 269 3604 Aristoni.
285 3589 291 3603 .
306 3588 314 3604 .
329 3541 432 3606 visum
456 3554 514 3610 est.
