2422 3976
153 180 219 244 340
254 179 287 235 V.
305 178 455 234 NERVAE
473 178 520 233 ET
539 177 692 232 TRAIANI
709 176 816 235 ΤΕΜΡ.
834 175 931 234 IURIS
950 176 1132 234 OONSULTI

160 341 364 408 adcrescendi
386 362 452 405 non
474 341 560 425 perit
582 362 641 405 nec
662 341 702 423 ei,
725 341 810 426 apud
829 361 923 424 quem
942 340 1163 407 consolidatus

158 435 217 516 cst,
240 451 343 514 neque
366 431 407 494 ab
432 452 479 514 eo,
498 434 531 495 et
548 429 628 514 ipse,
647 429 762 514 quibus
780 429 884 495 modis
903 429 1072 496 amitteret
1089 435 1163 496 ante

156 519 452 603 consolidationem,
473 517 588 583 iisdem
612 522 644 583 et
666 539 750 582 nunc
771 518 844 602 ipso
863 517 993 603 quidem
1009 519 1081 584 inre
1098 540 1163 584 non

155 608 299 694 amittet,
330 607 385 671 sed
418 610 548 690 praetor
580 610 709 671 secutus
741 607 921 691 exemplum
948 607 1030 672 iuris
1059 607 1163 673 civilis

155 697 270 762 utilem
292 697 453 762 actionem
476 694 568 760 dabit
588 695 774 761 fructuario.
811 701 845 760 et
866 695 915 760 ita
932 694 1010 780 (et)
1027 693 1163 762 Neratio

156 791 190 850 et
211 786 359 852 Aristoni
381 783 517 851 videtur.

245 891 291 958 8b.
319 891 357 955 D.
378 893 406 973 7,
424 891 455 973 2,
469 891 499 973 3,
513 890 542 954 2.
586 889 747 974 Ulpianus
770 890 853 955 libro
877 891 1015 975 septimo
1037 889 1163 956 decimo

157 981 198 1046 ad
228 979 384 1045 Sabinum
416 976 465 1065 (P.
484 975 597 1065 2566).
627 1015 664 1025 -
694 977 769 1044 Non
801 979 908 1044 solum
926 1028 955 1044 ..
975 979 1004 1044 si
1036 978 1162 1046 duobus

156 1091 234 1134 usus
257 1069 381 1133 fructus
403 1068 539 1152 legetur,
562 1071 612 1133 est
634 1069 685 1132 ius
709 1066 922 1153 adcrescendi‚
944 1089 1060 1133 verum
1083 1071 1116 1132 et
1137 1069 1164 1133 si

158 1159 253 1223 alteri
284 1179 361 1221 usus
393 1156 530 1239 fructus,
563 1156 658 1221 alteri
689 1155 806 1220 fundus
837 1157 964 1241 legatus
993 1159 1057 1240 est3
1089 1178 1165 1222 nam

159 1248 328 1311 amittente
346 1267 440 1309 usum
458 1245 597 1309 fructum
617 1245 731 1329 altero,
748 1245 800 1310 cui
819 1248 889 1310 erat
901 1246 1042 1330 legatus,
1059 1247 1165 1330 magis

158 1337 227 1400 iure
255 1333 459 1399 adcrescendi
488 1332 529 1397 ad
556 1334 694 1399 alterum
723 1333 865 1422 pertinet
891 1354 989 1418 quam
1015 1333 1103 1399 redit
1126 1334 1165 1399 ad

158 1424 398 1508 proprietatem.
448 1443 507 1487 nec
538 1442 671 1505 norum3
703 1444 780 1486 nam
811 1427 844 1488 et
875 1424 903 1487 si
931 1422 1059 1488 duobus
1086 1444 1163 1489 usne

157 1512 280 1577 fructus
308 1511 432 1595 legetur
460 1515 492 1577 et
519 1510 604 1594 apud
627 1510 764 1575 alterum
787 1511 831 1575 sit
853 1510 1091 1597 consolidatus,
1116 1511 1166 1577 ins

160 1599 364 1665 adcrescendi
391 1620 458 1664 uon
485 1601 570 1682 perit
595 1620 699 1683 neque
727 1599 770 1682 ei,
798 1599 883 1684 apud
909 1621 1004 1683 quem
1027 1599 1165 1666 consoli-

160 1689 253 1753 datus
273 1693 452 1772 estusque
471 1688 511 1752 ab
530 1710 578 1772 eo,
598 1691 632 1752 et
650 1688 729 1774 ipse,
747 1688 863 1773 quibus
882 1688 985 1753 modis
1000 1689 1167 1754 amitteret

160 1781 234 1841 ante
263 1776 563 1859 consolidationem,
589 1776 692 1841 isdem
716 1781 748 1842 et
769 1797 853 1841 nunc
876 1777 1017 1844 amittet
1064 1782 1098 1843 et
1120 1779 1166 1842 ita

160 1869 192 1930 et
213 1862 348 1930 Neratio
372 1871 404 1929 et
426 1864 573 1931 Aristoni
595 1865 731 1931 videtur.

248 1973 278 2037 9.
295 1970 370 2035 Vat.
380 1971 423 2036 85
437 1969 526 2056 (Ulp.
540 1971 580 2037 ad
595 1969 695 2057 sab).
704 2008 746 2019 -
761 1970 795 2037 Si
810 1993 907 2056 ..per
924 1971 1164 2039 damnationem

159 2083 237 2125 usus
260 2061 382 2124 fructus
405 2061 545 2145 legetur,
566 2061 615 2124 ius
645 2060 848 2126 adcrescendi
871 2064 978 2126 cessat
996 2109 1066 2147 ...,
1092 2083 1163 2146 quo·

159 2150 248 2214 niam
279 2149 442 2213 damnatio
470 2153 578 2232 partes
609 2148 697 2213 facit.
747 2149 881 2234 proinde
910 2150 937 2214 si
966 2149 1016 2214 rei
1045 2151 1163 2215 alienae

159 2260 237 2302 usus
256 2238 378 2302 fructus
398 2238 524 2322 legetur
542 2241 575 2302 et
593 2259 631 2301 ex
651 2236 837 2302 Neroniano
857 2237 1067 2303 confirmetur
1084 2241 1162 2324 lega·

159 2332 238 2410 tum,
262 2328 329 2390 sine
353 2326 449 2390 dubio
474 2326 644 2391 dicendum
668 2332 717 2391 est
738 2327 788 2391 ius
807 2326 1013 2392 adcresoeudi
1031 2347 1161 2407 cessare,

160 2416 189 2479 si
215 2417 311 2480 modo
338 2419 414 2499 post
441 2415 650 2479 constitutum
672 2437 767 2479 usum
789 2416 929 2480 fructum
952 2415 1052 2481 fuerit
1074 2416 1160 2481 amis·

160 2527 214 2569 sus
328 2526 370 2568 an
392 2507 503 2567 tamen
525 2504 559 2567 in
578 2499 778 2586 Neroniano,
806 2505 959 2587 quoniam
985 2506 1159 2590 exemplum

160 2592 386 2656 vindicationis
419 2592 596 2676 sequimur,
628 2592 743 2657 debeat
776 2592 838 2656 dici
865 2594 978 2657 utilem
1008 2595 1157 2659 actionem

161 2682 278 2745 amisso
308 2704 368 2744 usu
402 2680 509 2745 fructu
540 2681 580 2744 ab
614 2683 716 2745 altero
746 2681 840 2745 alteri
870 2680 1024 2762 dandam,
1058 2678 1157 2767 quaeri

160 2774 275 2851 potest.
321 2773 354 2833 et
377 2773 455 2852 puto
480 2768 652 2835 secundum
676 2767 845 2834 Neratium
869 2770 1114 2836 admittendum.
1200 2812 1203 2847 ς

419 2969 466 3028 Dc
489 2970 577 3042 fundi
598 2972 784 3029 instrumento
807 2971 907 3044 loquio.

252 3087 300 3150 10.
328 3086 368 3149 D.
383 3088 434 3168 33,
452 3089 480 3168 7,
497 3089 546 3166 12,
561 3089 591 3151 4.
632 3087 791 3172 Ulpianus
819 3088 902 3152 libro
926 3090 1101 3156 vicensimo
1122 3084 1154 3151 ad

161 3172 316 3239 Sabinum
349 3173 397 3258 (P.
416 3176 527 3260 2609).
556 3213 598 3223 -
630 3174 828 3241 Salinarium
847 3227 876 3241 ..
896 3176 1007 3244 Labeo
1040 3177 1154 3264 quidem

160 3266 255 3346 putat
282 3284 353 3326 eum
383 3264 510 3328 demum
533 3266 690 3330 contineri
713 3261 772 3351 (sc.
795 3266 1012 3333 instrumento
1036 3263 1153 3353 legato),

162 3353 216 3435 qui
248 3351 408 3416 fructuum
441 3354 669 3419 servandorum
702 3354 807 3439 gratia
839 3358 974 3438 paratus
1008 3356 1063 3440 sit,
1093 3372 1152 3419 eun

161 3461 239 3522 non,
268 3440 322 3592 qlpi
349 3441 462 3505 finium
491 3441 769 3508 custodiendorum
799 3464 910 3528 causa3
938 3444 995 3510 sed
1018 3442 1151 3511 Neratius

161 3529 258 3593 ctiam
306 3550 377 3594 unc.
