2422 3976
357 190 381 238 4.
404 185 435 239 Ι..
453 183 639 239 NERATIUS
658 182 805 241 PRlSCUS
1018 183 1083 248 303

166 345 231 412 257.
257 345 298 412 D.
312 348 366 431 47,
380 348 411 432 9,
426 348 455 413 8.
490 345 643 412 Neratius
668 347 751 412 libro
778 348 916 412 secundo
941 347 1083 433 Respon-

100 454 195 501 sorum.
216 471 259 482 -
284 435 379 500 Ratis
408 435 441 500 vi
468 435 609 500 fluminis
632 436 666 499 in
690 456 804 520 ugrum
828 458 933 501 meum
958 436 1085 502 delatae

51 584 53 589 .
99 520 279 609 (tollendae)
297 545 363 589 non
382 525 477 589 aliter
494 527 690 608 potestatem
704 525 766 590 tibi
779 524 969 608 faciendam,
987 549 1083 611 quam

51 686 53 691 Ι
100 610 120 673 si
137 611 168 676 rle
189 613 366 697 praeterito
390 634 517 697 qnoque
541 614 658 677 damno
683 613 762 677 mihi
785 614 934 680 cavisses.

51 698 53 781 ξ
164 701 228 767 25⁰.
247 700 287 766 D.
298 701 351 785 39,
365 703 395 786 2,
410 702 430 767 9
455 702 484 767 3.
517 699 676 784 Ulpianus
691 703 775 766 libro
791 703 1083 787 quinquagensimo

99 789 172 854 seen
195 791 235 855 as
258 791 398 855 esaum
422 753 472 878 (e.
493 788 602 876 1273).
628 828 670 837 -
694 789 891 857 Neratius..
907 791 1031 873 scabis,
1055 791 1083 855 s

51 952 53 961 Ι
99 877 158 942 retis
178 880 211 943 in
231 899 347 964 agrum
366 901 473 945 meum
492 881 525 944 vi
543 879 685 943 fluminis
704 879 812 943 delata
831 880 883 963 sit,
905 901 968 944 non
989 880 1084 944 aliter

51 996 54 1053 ἰ
99 961 143 1027 tibi
160 971 356 1050 potestatem
377 967 514 1032 tollendi
536 967 731 1047 faciendam,
757 990 852 1052 quam
878 969 905 1032 si
930 968 968 1032 de
991 989 1083 1053 prae·

51 1058 54 1129 l
100 1052 173 1122 terito
195 1077 322 1147 quoque
345 1056 463 1121 damno
487 1055 568 1120 mihi
590 1056 740 1121 cavisses.

486 1238 595 1297 Liber
616 1238 671 1297 ΙΠ.

167 1343 252 1405 Certa
274 1346 364 1405 huius
386 1344 458 1404 libri
479 1345 649 1423 fragmenta
671 1363 731 1404 non
754 1347 923 1405 traduntur.

299 1505 487 1565 Incertorum
510 1505 656 1564 librorum
678 1505 855 1581 fragmenta.

445 1593 496 1670 De
518 1608 712 1672 testamentis.

167 1714 216 1778 26.
248 1712 287 1777 D.
311 1713 363 1797 35,
389 1714 417 1795 1,
441 1714 518 1795 6,1.
569 1712 766 1797 Pomponius
798 1714 880 1779 libro
912 1716 1008 1780 tertio
1043 1717 1083 1781 ad

102 1788 231 1866 Sabnum
263 1798 313 1888 (P.
330 1797 422 1887 423).
453 1837 490 1848 -
520 1799 555 1866 Si
587 1823 695 1866 servos
729 1806 834 1868 certos
867 1805 940 1888 quis
973 1827 1084 1870 manu-

101 1883 228 1974 misisset,
247 1889 342 1954 heres
362 1911 432 1954 esse
450 1891 555 1955 iussus
575 1892 653 1956 erat.
681 1892 869 1974 quibusdam
889 1915 927 1956 ex
942 1893 993 1958 his
1008 1900 1083 1959 ante

100 1979 212 2044 nonus
234 1977 388 2044 Neratius
416 1979 584 2063 respondit
607 1979 698 2043 defici
722 2001 794 2044 eum
818 1981 1002 2046 condicione
1025 2003 1085 2046 nec

101 2066 284 2150 aestimabat,
306 2088 420 2150 parere
443 2071 554 2150 posset
577 2068 758 2132 condicioni
781 2091 840 2133 nec
862 2091 911 2134 ne.

386 2214 433 2273 De
454 2215 618 2274 hereditatis
640 2217 773 2275 aditione.

167 2315 229 2380 272
262 2314 301 2380 D.
320 2315 374 2395 39,
392 2316 422 2398 6,
441 2316 492 2380 21.
541 2314 631 2380 Idem
661 2314 717 2401 (sc.
740 2313 898 2400 Iulianus)
927 2316 1011 2380 libro
1036 2339 1084 2381 se·

101 2401 181 2469 endo
213 2403 252 2469 ad
280 2402 431 2469 Urseium
458 2403 619 2469 Ferocem.
650 2440 687 2451 -
718 2404 802 2468 Num
834 2407 888 2488 qui
916 2408 953 2469 ut
981 2405 1084 2469 adiret

62 2508 67 2531 ·-
99 2475 288 2557 hereditatem
315 2493 484 2576 pecuniam
508 2494 696 2576 accepisset,
723 2494 881 2577 plerique,
908 2495 942 2557 in
967 2494 1084 2577 quibus

101 2563 207 2646 Priscus
228 2603 362 2667 quoque,
380 2581 613 2664 responderunt
632 2585 745 2647 mortis
763 2603 946 2647 causacum
962 2604 1083 2664 capere.

491 2723 538 2787 De
560 2723 674 2806 tepetis.

337 2835 384 2893 De
406 2837 593 2894 estrumento
615 2836 701 2908 sanct
724 2836 823 2909 leuato.

166 2935 230 3002 28?
268 2934 306 2999 D.
327 2936 379 3019 33,
399 2937 428 3015 7,
448 2937 500 3016 18,
519 2937 549 3000 2.
602 2935 720 3000 Paulus
757 2935 840 3000 libro
872 2938 1011 3001 secundo
1044 2937 1084 3001 ad

51 3038 57 3117 q
98 3005 244 3088 Vitellium
264 3021 439 3111 (Ρ.2070).
457 3024 646 3089 —Asinam
666 3023 898 3088 molendariam
917 3031 949 3090 et
963 3027 1084 3090 molam

51 3128 54 3199 ς
97 3116 178 3195 negat
198 3112 353 3179 Neratius
375 3114 591 3177 instrumento
615 3113 705 3176 fundi
728 3114 893 3178 contineri.

280 3259 327 3318 De
349 3261 484 3319 tabernae
507 3262 665 3335 cauponiae
687 3261 884 3320 instrumento.

165 3363 217 3429 29.
246 3361 284 3426 D.
304 3361 356 3443 33,
377 3363 405 3445 7,
426 3362 466 3425 13
474 3383 520 3444 pr.
566 3361 686 3425 Paulus
714 3361 796 3424 libro
826 3366 941 3445 quarto
965 3359 1004 3422 ad
1029 3357 1085 3423 Sa·

96 3438 187 3516 binum
212 3450 262 3539 (P.
283 3449 391 3536 1670).
418 3485 456 3496 -
481 3448 646 3514 Tabernae
670 3450 844 3534 cauponiae
868 3450 1083 3513 instrumento

93 3527 186 3622 legato
219 3541 318 3605 etiarn
350 3537 517 3602 institores
545 3538 702 3603 contineri
730 3537 882 3602 Neratius
911 3537 1084 3602 existimat.
