2422 3976
98 216 162 281 358
200 217 232 273 V.
251 214 400 270 NERVAE
420 213 466 268 ΕΤ
484 211 634 267 TRAIANI
653 210 761 268 ΤΕΜΡ.
779 210 877 266 IURIS
896 210 1078 268 CONSULTI

314 396 376 477 aar·
396 395 609 477 fraudationis
630 413 726 460 oarrsa
748 391 890 458 latitabit.

186 503 236 567 79.
255 502 295 567 D.
304 503 357 580 42,
366 503 398 585 4,
408 501 499 584 7,16.
537 499 696 584 Ulpianus
715 500 798 564 libro
817 499 1109 585 quinquagensimo

95 614 181 657 nono
205 593 245 656 ad
269 591 409 656 edictum
431 586 482 677 (P.
495 588 582 672 139).
600 625 644 635 -
662 638 688 654 ..
710 588 885 669 rideamus,
910 588 938 653 si
961 590 1036 674 quis
1059 591 1110 655 ad·

96 703 209 747 versus
232 681 266 744 in
290 702 357 744 rem
378 680 538 744 actionem
557 677 673 762 latitet,
696 699 738 741 an
756 677 843 742 bona
861 677 930 742 eius
949 679 1109 763 possideri

95 790 276 852 venumque
300 768 369 832 dari
390 768 526 853 possint
563 770 653 831 extat
671 764 799 831 Neratii
818 767 984 832 sententia
1003 767 1108 832 existi-

95 859 214 925 mantis
239 859 323 922 bona
346 879 416 922 esse
439 856 614 922 vendenda.

183 970 331 1080 Ulpianus
359 969 455 1029 addit:
485 962 528 1027 ‘st
555 969 611 1028 hoc
638 966 784 1042 rescripta
808 966 956 1027 Hadriani
979 969 1108 1030 contine-

96 1064 147 1120 tur
171 1107 177 1120 .
193 1108 199 1119 .
215 1107 221 1119 .

438 1159 527 1241 Quod
548 1159 579 1223 ai
600 1163 658 1223 aat
677 1157 766 1223 aaa.

185 1268 236 1332 80.
260 1264 299 1330 Ι).
313 1266 367 1348 43,
378 1265 430 1347 24,
441 1266 509 1349 7‚1.
555 1263 716 1348 Ulpianus
738 1264 821 1328 libro
846 1266 1107 1351 septuagensimo

94 1356 201 1440 primo
230 1355 271 1419 ad
299 1354 438 1420 edictum
468 1352 518 1438 (P.
539 1349 664 1440 1594b).
690 1389 728 1399 -
753 1352 909 1418 Neratius
1001 1355 1108 1420 scribit

95 1467 181 1528 eum,
204 1443 295 1508 cuius
319 1465 428 1509 servus
451 1442 484 1506 ri
508 1445 565 1507 aut
588 1442 672 1506 clam
694 1441 779 1526 fecit,
803 1447 859 1507 aut
882 1465 941 1508 ana
964 1443 1108 1529 impensa

95 1555 135 1597 ex
166 1532 339 1597 interdicto
373 1553 453 1615 opus
485 1532 656 1596 restituere
688 1530 803 1595 debere
832 1535 890 1596 aut
916 1533 1108 1617 patientiam

94 1621 285 1686 restituendi
312 1625 477 1704 praestare
505 1623 538 1684 et
565 1641 692 1684 servum
719 1641 823 1685 noxae
847 1619 970 1702 dedere.
1016 1623 1107 1707 plane

96 1711 125 1774 si
152 1713 279 1774 mortuo
309 1711 489 1774 alienatore
512 1729 604 1774 servo
628 1708 887 1792 interdiceretur,
914 1711 1105 1796 patientiam

95 1797 265 1863 dumtaxat
290 1804 454 1882 praestare
483 1797 597 1861 debere
626 1798 684 1878 ait,
716 1799 763 1862 ita
790 1800 827 1861 ut
855 1804 889 1862 st
917 1803 1106 1885 emptores

94 1887 265 1952 interdicto
288 1887 395 1970 possit
421 1887 584 1952 conveniri
613 1888 664 1966 [nt
686 1887 868 1969 impensam
890 1893 1039 1972 praestet
1056 1893 1107 1953 aut

94 1997 213 2040 noxam
237 1976 304 2057 det]
310 2027 319 2061 ,
338 1976 532 2059 dominoque
551 1974 658 2058 operis
679 1997 737 2039 sua
754 1975 902 2058 impensa
919 1978 1106 2042 restituente

96 2068 154 2129 aut
176 2065 340 2140 damnato,
364 2065 526 2149 quianon
550 2064 745 2145 restituerat,
769 2068 949 2148 emptorem
971 2067 1105 2131 liberari.

95 2154 207 2218 eadem
232 2158 264 2218 et
288 2155 314 2219 si
339 2158 450 2218 contm
469 2152 619 2217 dominus
638 2152 723 2217 servi
742 2153 793 2217 vel
813 2175 893 2236 opus
912 2155 1106 2220 restituisset

94 2244 236 2307 vellitis
261 2243 485 2307 aestimatione
509 2242 680 2306 damnatus
705 2245 802 2324 esset,
827 2242 912 2326 quod
935 2245 1105 2309 sitantum

94 2353 197 2396 noxae
209 2332 358 2414 dedisset,
370 2331 520 2395 adversus
532 2332 695 2395 dominnm
703 2332 809 2414 operis
819 2331 944 2396 utiliter
952 2333 1105 2398 interdici.

184 2426 304 2484 Inclusa
327 2425 420 2484 verba
442 2424 565 2483 Pernice
588 2425 694 2484 merito
719 2424 796 2484 sicit.

356 2579 406 2644 De
428 2580 597 2660 eaaoptioac
618 2579 664 2641 rei
687 2579 850 2644 iudicatae.

182 2682 255 2749 ²³81.
279 2686 317 2750 D.
330 2687 383 2764 44,
393 2686 423 2767 2,
435 2686 528 2766 llpr.
564 2684 722 2766 Ulpianus
741 2684 825 2749 libro
845 2689 1103 2771 septuagensimo

94 2773 209 2856 quinto
243 2774 282 2838 ad
316 2774 456 2838 edictum
485 2770 664 2858 (Ρ.1669).
693 2809 733 2819 -
764 2771 798 2837 si
830 2779 937 2838 mater
964 2776 1025 2841 filii
1052 2777 1103 2840 im·

93 2861 224 2942 puberis
249 2863 391 2926 defuncti
414 2885 453 2926 ex
473 2867 603 2926 senatus
624 2861 772 2925 consulto
791 2863 878 2926 bona
896 2863 1103 2930 vindicaverit

93 2949 226 3029 idcirco,
264 2951 339 3034 quia
376 2951 514 3033 putabat
545 2954 641 3033 rupto
674 2950 778 3033 patris
812 2951 879 3015 eins
912 2957 1101 3018 testamento

92 3038 256 3101 neminem
280 3061 349 3103 esse
375 3039 595 3120 substitutum,
619 3039 766 3122 victaque
786 3039 892 3124 fuerit,
917 3044 995 3126 quia
1013 3047 1101 3108 testa·

92 3130 238 3190 mentum
261 3129 366 3210 patris
389 3132 520 3211 ruptum
539 3149 604 3191 non
624 3131 702 3204 erat,
725 3131 839 3211 postea
859 3133 970 3194 autem
990 3131 1101 3217 apertis

92 3216 306 3299 pupillaribus
334 3217 453 3280 tabulis
477 3216 626 3299 apparuit
649 3238 714 3280 non
739 3238 808 3279 esse
833 3217 862 3280 ei
887 3219 1101 3298 substitutum,

93 3305 121 3366 si
143 3309 269 3388 peteret
288 3326 398 3368 rursus
417 3305 639 3388 hereditatem,
662 3304 865 3370 obstaturam
887 3309 1101 3392 exceptionem

92 3392 140 3455 rei
162 3394 321 3458 iudicatae
344 3393 495 3458 Neratius
520 3395 575 3457 ait.

181 3487 226 3544 De
251 3488 526 3546 senatusconsulto
547 3487 735 3546 Tertulliano
755 3487 903 3548 Hadriani
924 3489 1101 3568 temporibus

93 3573 171 3634 facto
196 3593 291 3634 sermo
316 3579 370 3634 est.
