2422 3976
150 184 214 249 144
227 184 276 240 lll.
286 183 362 239 sall
372 183 519 239 CLAUDII
528 182 662 241 NERON.
674 183 820 240 oluere
829 184 936 241 ΤΕΜΡ.
945 184 1043 241 roms
1052 185 1161 243 CONS.

148 348 206 431 sit,
234 351 342 411 utrum
369 369 476 412 rerum
503 350 612 431 partes
641 369 683 412 an
707 349 888 414 aestimatio
912 348 1082 434 debeatur,

147 434 317 590 {zoceurllplst
335 438 368 500 et
394 434 502 501 Nerva
529 457 638 501 rerum
665 440 774 521 partes
802 459 871 502 esse
897 439 1023 523 legatas
1053 438 1164 505 existi·

456 619 503 678 Dc
525 620 615 693 leculo
637 621 726 679 oxori
742 608 852 680 'reduto

242 729 291 793 19.
315 728 353 793 D.
363 729 416 812 32,
425 728 477 811 49,
488 730 518 793 6.
549 728 708 813 Ulpianus
728 729 812 794 libro
831 729 1006 796 vicensimo
1023 731 1164 798 secundo

149 817 188 881 ad
218 815 373 882 Sabinum
401 816 451 903 (P.
471 815 583 905 2638).
609 855 654 864 -
682 866 718 883 ..
750 821 787 882 ut
819 817 979 903 legatum·
994 815 1052 905 (so.
1077 820 1164 906 quod

149 907 241 972 uxori
258 905 407 971 relictum
427 905 489 989 est)
508 906 624 990 valeat,
643 907 757 971 mortis
776 910 922 992 tempore
941 929 1076 973 uxorem
1094 930 1163 974 esse

148 996 262 1059 debere
285 994 439 1060 Proculus
469 995 599 1079 scripsit
702 997 879 1078 [separatio
902 997 989 1062 enim
1013 996 1163 1087 dissolvit

147 1084 177 1147 le
202 1085 316 1166 atum}

179 1103 200 1169 g
235 1173 287 1238 20.
319 1172 359 1236 D.
378 1172 430 1254 34,
449 1172 480 1257 2,
498 1173 527 1237 3.
578 1170 689 1236 Celsus
722 1172 805 1238 libro
840 1194 925 1239 nono
953 1173 1079 1240 decimo
1107 1173 1160 1239 Di·

149 1265 314 1348 gestorum
339 1261 387 1346 (P.
404 1259 491 1346 169).
517 1297 554 1307 -
580 1259 684 1326 Uxori
710 1263 834 1344 legavit
861 1284 942 1347 quae
969 1261 1040 1327 eius
1064 1286 1160 1329 causa
1204 1286 1207 1323 ς

146 1355 262 1434 parata
294 1353 379 1432 sunt,
412 1354 444 1413 et
477 1353 553 1414 ante
585 1356 723 1414 mortem
757 1351 897 1415 divortit.
942 1372 1009 1416 non
1044 1352 1160 1437 deberi,

146 1438 223 1525 quia
245 1438 395 1522 adempta
417 1436 597 1520 videantur,
620 1438 775 1503 Proculus
799 1439 854 1503 ait.

315 1603 362 1662 De
379 1605 416 1662 lio
439 1620 512 1676 quae
534 1605 586 1662 sub
610 1605 772 1664 ommieiom
793 1605 895 1664 relicto
916 1609 992 1664 sont.

237 1714 289 1777 21.
325 1711 363 1776 Ι).
387 1712 440 1796 35,
466 1714 494 1796 1,
518 1713 571 1779 58.
625 1713 715 1777 Idem
748 1711 804 1799 (sc.
829 1711 1044 1803 Pomponius)
1078 1715 1158 1781 libro

150 1802 273 1866 decimo
298 1824 336 1866 ex
358 1800 467 1866 Variis
490 1800 696 1866 Lectionibus
721 1798 771 1889 (P.
787 1799 876 1888 830).
899 1840 940 1850 —
966 1801 999 1867 Si
1025 1805 1159 1871 ancillae

149 1892 286 1974 alienae,
316 1912 389 1954 cum
418 1911 456 1954 ea
482 1890 654 1969 nubsisset,
680 1891 825 1975 legatum
849 1893 905 1975 sit,
934 1892 1092 1959 Proculus
1114 1895 1159 1960 ait
1201 1946 1207 1975 ,

150 1979 228 2044 utile
252 1980 396 2066 legatum
420 2000 503 2060 esse,
528 1981 604 2063 quia
626 1980 731 2062 possit
755 1981 953 2044 manumissa
976 1981 1110 2048 nubere.
1204 1978 1207 1991 '

239 2075 274 2133 cf.
291 2071 455 2151 Gai.1,19.
487 2072 572 2132 Iusta
592 2120 615 2133 ..
635 2091 725 2132 eausa
743 2073 984 2134 manumissionis
1005 2075 1056 2136 est
1070 2074 1161 2137 veluti

149 2163 174 2222 si
202 2162 269 2239 quis
297 2208 360 2221 ...
389 2162 529 2221 ancillam
560 2162 744 2222 matrimonii
772 2181 862 2222 causa
894 2164 973 2238 apud
1002 2165 1159 2226 consilium

151 2251 352 2310 manumittat.

239 2354 291 2417 22.
319 2350 389 2416 Gai.
410 2354 439 2436 3,
460 2354 514 2418 98.
537 2389 578 2397 -
604 2400 660 2416 ...
688 2352 833 2416 diversae
862 2353 991 2418 scholae
1014 2359 1162 2421 auctores

149 2441 253 2506 nihilo
283 2441 388 2505 minus
417 2442 563 2526 legatum
590 2442 703 2505 inutile
732 2442 918 2506 existimant
942 2438 1001 2528 (so.
1026 2446 1088 2510 sub
1117 2446 1161 2510 in·

151 2530 301 2613 possibili
325 2530 513 2595 condicione
536 2526 699 2616 relictum)
724 2551 820 2615 quam
844 2531 1103 2613 stipulationem.

237 2622 302 2682 Gai.
317 2624 412 2682 addit:
433 2618 474 2682 ‘et
495 2642 565 2681 sane
582 2624 632 2682 vix
650 2624 758 2682 idonea
777 2624 960 2683 diversitatis
979 2624 1060 2688 ratio
1078 2626 1162 2687 reddi

147 2705 268 2788 potest'

239 2813 290 2877 23.
315 2811 424 2896 Gaia,
435 2813 509 2878 200.
530 2849 570 2859 —
589 2812 675 2877 Illud
699 2813 873 2898 quaeritur,
895 2814 979 2899 quod
1004 2816 1067 2881 sub
1092 2839 1163 2883 eon·

152 2901 278 2965 dicione
302 2923 359 2984 per
383 2901 634 2967 vindicationem
657 2903 802 2986 legatum
826 2908 883 2980 est,
906 2902 1070 2986 pendente
1092 2926 1163 2972 con·

149 2990 272 3053 dicione
292 2990 381 3054 cuius
401 2997 486 3055 esset
504 3042 511 3056 .
528 3042 556 3057 ..
576 2991 720 3054 diversae
739 2989 868 3055 scholae
883 2994 1032 3056 auctores
1048 2997 1164 3078 putant

148 3079 270 3142 nullius
289 3078 419 3143 interim
440 3101 511 3144 eam
530 3101 598 3143 rem
616 3100 694 3163 esse,
714 3079 800 3163 quod
815 3079 917 3144 multo
932 3082 1039 3166 magis
1055 3083 1164 3150 dicunt

151 3169 189 3231 de
223 3190 260 3233 eo
294 3169 379 3251 quod
408 3190 486 3251 pure
515 3169 658 3254 legatum
686 3171 749 3250 est,
782 3174 957 3252 antequam
987 3169 1162 3255 legatarius

151 3257 303 3322 admittat
326 3259 478 3342 legatum.

489 3360 536 3416 Ao
554 3362 635 3429 lopem
655 3360 822 3414 Falcidiam.

237 3453 289 3517 24.
325 3451 364 3515 D.
385 3451 436 3535 35,
456 3453 485 3535 2,
507 3453 535 3536 1,
555 3452 605 3516 14.
659 3451 779 3515 Paulus
812 3452 897 3517 libro
930 3453 1092 3539 singulari
1125 3453 1162 3520 ad

148 3541 252 3625 legem
277 3540 455 3605 Falcidiam
477 3538 525 3627 (P.
536 3539 639 3626 921⁰).
658 3577 703 3588 -
721 3539 755 3606 Si
779 3541 946 3608 coheredis
969 3544 1033 3608 mei
1057 3544 1160 3628 portio
1201 3524 1207 3681 Ι

1195 3688 1207 3944 l
