<?xml version="1.0" encoding="UTF-8"?>
<!DOCTYPE html PUBLIC "-//W3C//DTD XHTML 1.0 Transitional//EN"
    "http://www.w3.org/TR/xhtml1/DTD/xhtml1-transitional.dtd">
<html xmlns="http://www.w3.org/1999/xhtml" xml:lang="en" lang="en">
 <head>
  <title>
</title>
<meta http-equiv="Content-Type" content="text/html;charset=utf-8" />
  <meta name='ocr-system' content='tesseract 3.04.00' />
  <meta name='ocr-capabilities' content='ocr_page ocr_carea ocr_par ocr_line ocrx_word'/>
</head>
<body>
  <div class='ocr_page' id='page_1' title='image "./iurisprudentiae01bremgoog_0064.png"; bbox 0 0 2422 3976; ppageno 0'>
   <div class='ocr_carea' id='block_1_1' title="bbox 343 172 1071 240">
    <p class='ocr_par' dir='ltr' id='par_1_1' title="bbox 343 172 1071 240">
     <span class='ocr_line' id='line_1_1' title="bbox 343 172 1071 240; baseline -0.003 -12"><span class='ocrx_word' id='word_1_1' title='bbox 343 182 368 230; x_wconf 89' lang='lat'>4.</span> <span class='ocrx_word' id='word_1_2' title='bbox 389 175 418 230; x_wconf 80' lang='lat' dir='ltr'>(t.</span> <span class='ocrx_word' id='word_1_3' title='bbox 434 172 580 230; x_wconf 80' lang='lat' dir='ltr'>CASSIUS</span> <span class='ocrx_word' id='word_1_4' title='bbox 598 172 781 230; x_wconf 82' lang='lat' dir='ltr'>LONGINUS</span> <span class='ocrx_word' id='word_1_5' title='bbox 1028 176 1071 240; x_wconf 78' lang='lat'>29</span> 
     </span>
    </p>
   </div>
   <div class='ocr_carea' id='block_1_2' title="bbox 59 337 1159 3616">
    <p class='ocr_par' dir='ltr' id='par_1_2' title="bbox 59 337 1072 1292">
     <span class='ocr_line' id='line_1_2' title="bbox 147 337 1070 419; baseline 0 -16"><span class='ocrx_word' id='word_1_6' title='bbox 147 346 177 403; x_wconf 83' lang='lat'>2.</span> <span class='ocrx_word' id='word_1_7' title='bbox 205 337 281 403; x_wconf 84' lang='lat' dir='ltr'>Tac.</span> <span class='ocrx_word' id='word_1_8' title='bbox 309 359 382 402; x_wconf 89' lang='lat' dir='ltr'>ann.</span> <span class='ocrx_word' id='word_1_9' title='bbox 412 339 467 419; x_wconf 89' lang='lat'>14,</span> <span class='ocrx_word' id='word_1_10' title='bbox 489 337 623 402; x_wconf 76' lang='lat'>42-44</span> <span class='ocrx_word' id='word_1_11' title='bbox 655 342 693 401; x_wconf 97' lang='lat' dir='ltr'>ad</span> <span class='ocrx_word' id='word_1_12' title='bbox 720 360 746 401; x_wconf 88' lang='lat' dir='ltr'>a.</span> <span class='ocrx_word' id='word_1_13' title='bbox 775 344 814 402; x_wconf 88' lang='grc'>61</span> <span class='ocrx_word' id='word_1_14' title='bbox 849 343 923 403; x_wconf 90' lang='lat' dir='ltr'>haec</span> <span class='ocrx_word' id='word_1_15' title='bbox 953 347 1070 403; x_wconf 90' lang='lat' dir='ltr'>narrat:</span> 
     </span>
     <span class='ocr_line' id='line_1_3' title="bbox 61 428 1072 509; baseline 0.001 -17"><span class='ocrx_word' id='word_1_16' title='bbox 61 428 96 494; x_wconf 72' lang='lat'>³..</span> <span class='ocrx_word' id='word_1_17' title='bbox 112 480 119 495; x_wconf 94' lang='lat'><strong>.</strong></span> <span class='ocrx_word' id='word_1_18' title='bbox 138 433 328 509; x_wconf 87' lang='lat' dir='ltr'>praefectum</span> <span class='ocrx_word' id='word_1_19' title='bbox 355 431 439 491; x_wconf 90' lang='lat' dir='ltr'>urbis</span> <span class='ocrx_word' id='word_1_20' title='bbox 465 431 630 491; x_wconf 92' lang='lat' dir='ltr'>Pedanium</span> <span class='ocrx_word' id='word_1_21' title='bbox 654 430 826 491; x_wconf 79' lang='lat' dir='ltr'>Secundum</span> <span class='ocrx_word' id='word_1_22' title='bbox 851 451 954 492; x_wconf 88' lang='lat' dir='ltr'>servus</span> <span class='ocrx_word' id='word_1_23' title='bbox 976 433 1072 508; x_wconf 91' lang='lat' dir='ltr'>ipsius</span> 
     </span>
     <span class='ocr_line' id='line_1_4' title="bbox 60 520 1071 598; baseline 0.001 -18"><span class='ocrx_word' id='word_1_24' title='bbox 60 522 224 596; x_wconf 77' lang='lat' dir='ltr'>interfecit,</span> <span class='ocrx_word' id='word_1_25' title='bbox 256 538 310 580; x_wconf 88' lang='lat' dir='ltr'>sen</span> <span class='ocrx_word' id='word_1_26' title='bbox 338 524 450 598; x_wconf 82' lang='lat' dir='ltr'>negata</span> <span class='ocrx_word' id='word_1_27' title='bbox 479 520 632 598; x_wconf 89' lang='lat' dir='ltr'>libertate,</span> <span class='ocrx_word' id='word_1_28' title='bbox 667 520 717 580; x_wconf 90' lang='lat' dir='ltr'>cni</span> <span class='ocrx_word' id='word_1_29' title='bbox 744 520 876 595; x_wconf 90' lang='lat' dir='ltr'>pretium</span> <span class='ocrx_word' id='word_1_30' title='bbox 905 521 1071 598; x_wconf 74' lang='lat' dir='ltr'>pepigerat,</span> 
     </span>
     <span class='ocr_line' id='line_1_5' title="bbox 60 608 1071 672; baseline 0 -2"><span class='ocrx_word' id='word_1_31' title='bbox 60 611 120 672; x_wconf 91' lang='lat' dir='ltr'>sive</span> <span class='ocrx_word' id='word_1_32' title='bbox 152 629 257 670; x_wconf 89' lang='lat' dir='ltr'>amore</span> <span class='ocrx_word' id='word_1_33' title='bbox 285 608 395 669; x_wconf 83' lang='lat' dir='ltr'>exoleti</span> <span class='ocrx_word' id='word_1_34' title='bbox 426 609 564 670; x_wconf 87' lang='lat' dir='ltr'>incensus</span> <span class='ocrx_word' id='word_1_35' title='bbox 593 613 624 669; x_wconf 91' lang='lat' dir='ltr'>et</span> <span class='ocrx_word' id='word_1_36' title='bbox 650 608 802 669; x_wconf 90' lang='lat' dir='ltr'>dominum</span> <span class='ocrx_word' id='word_1_37' title='bbox 831 611 983 670; x_wconf 89' lang='lat' dir='ltr'>aemulum</span> <span class='ocrx_word' id='word_1_38' title='bbox 1011 630 1071 671; x_wconf 92' lang='lat' dir='ltr'>non</span> 
     </span>
     <span class='ocr_line' id='line_1_6' title="bbox 59 699 1071 760; baseline 0 -2"><span class='ocrx_word' id='word_1_39' title='bbox 59 700 199 759; x_wconf 90' lang='lat' dir='ltr'>tolerans.</span> <span class='ocrx_word' id='word_1_40' title='bbox 264 700 399 758; x_wconf 88' lang='lat' dir='ltr'>ceterum</span> <span class='ocrx_word' id='word_1_41' title='bbox 447 717 516 757; x_wconf 91' lang='lat' dir='ltr'>cnm</span> <span class='ocrx_word' id='word_1_42' title='bbox 560 701 662 760; x_wconf 89' lang='lat' dir='ltr'>vetere</span> <span class='ocrx_word' id='word_1_43' title='bbox 708 716 744 756; x_wconf 95' lang='lat' dir='ltr'>ex</span> <span class='ocrx_word' id='word_1_44' title='bbox 792 717 875 758; x_wconf 91' lang='lat' dir='ltr'>more</span> <span class='ocrx_word' id='word_1_45' title='bbox 923 699 1071 758; x_wconf 88' lang='lat' dir='ltr'>familiam</span> 
     </span>
     <span class='ocr_line' id='line_1_7' title="bbox 60 786 1071 865; baseline -0.001 -17"><span class='ocrx_word' id='word_1_46' title='bbox 60 805 190 862; x_wconf 90' lang='lat' dir='ltr'>omnem,</span> <span class='ocrx_word' id='word_1_47' title='bbox 222 806 300 863; x_wconf 91' lang='lat' dir='ltr'>quae</span> <span class='ocrx_word' id='word_1_48' title='bbox 328 786 510 847; x_wconf 68' lang='lat' dir='ltr'>senadern</span> <span class='ocrx_word' id='word_1_49' title='bbox 532 790 618 847; x_wconf 90' lang='lat' dir='ltr'>tecto·</span> <span class='ocrx_word' id='word_1_50' title='bbox 635 786 866 864; x_wconf 75' lang='lat' dir='ltr'>mansitaverat,</span> <span class='ocrx_word' id='word_1_51' title='bbox 893 788 932 847; x_wconf 87' lang='lat' dir='ltr'>ad</span> <span class='ocrx_word' id='word_1_52' title='bbox 955 789 1071 865; x_wconf 90' lang='lat' dir='ltr'>suppli·</span> 
     </span>
     <span class='ocr_line' id='line_1_8' title="bbox 60 875 1071 954; baseline -0.001 -17"><span class='ocrx_word' id='word_1_53' title='bbox 60 878 137 938; x_wconf 90' lang='lat' dir='ltr'>cium</span> <span class='ocrx_word' id='word_1_54' title='bbox 166 875 220 953; x_wconf 83' lang='lat' dir='ltr'>agi</span> <span class='ocrx_word' id='word_1_55' title='bbox 247 877 412 954; x_wconf 86' lang='lat' dir='ltr'>oporteret,</span> <span class='ocrx_word' id='word_1_56' title='bbox 444 893 590 935; x_wconf 89' lang='lat' dir='ltr'>concursu</span> <span class='ocrx_word' id='word_1_57' title='bbox 615 875 727 952; x_wconf 89' lang='lat' dir='ltr'>plebis,</span> <span class='ocrx_word' id='word_1_58' title='bbox 758 894 835 951; x_wconf 91' lang='lat' dir='ltr'>qnae</span> <span class='ocrx_word' id='word_1_59' title='bbox 861 878 910 937; x_wconf 88' lang='lat' dir='ltr'>tot</span> <span class='ocrx_word' id='word_1_60' title='bbox 935 876 1071 936; x_wconf 87' lang='lat' dir='ltr'>innoxios</span> 
     </span>
     <span class='ocr_line' id='line_1_9' title="bbox 59 964 1071 1042; baseline -0.001 -16"><span class='ocrx_word' id='word_1_61' title='bbox 59 966 254 1042; x_wconf 84' lang='lat' dir='ltr'>protegebat,</span> <span class='ocrx_word' id='word_1_62' title='bbox 282 981 377 1042; x_wconf 92' lang='lat' dir='ltr'>usque</span> <span class='ocrx_word' id='word_1_63' title='bbox 400 964 440 1023; x_wconf 92' lang='lat' dir='ltr'>ad</span> <span class='ocrx_word' id='word_1_64' title='bbox 462 964 640 1024; x_wconf 86' lang='lat' dir='ltr'>seditionem</span> <span class='ocrx_word' id='word_1_65' title='bbox 662 968 788 1025; x_wconf 86' lang='lat' dir='ltr'>ventum</span> <span class='ocrx_word' id='word_1_66' title='bbox 815 967 874 1042; x_wconf 81' lang='lat' dir='ltr'>est3</span> <span class='ocrx_word' id='word_1_67' title='bbox 907 968 1071 1042; x_wconf 78' lang='lat' dir='ltr'>senatuque</span> 
     </span>
     <span class='ocr_line' id='line_1_10' title="bbox 59 1053 1072 1131; baseline -0.001 -18"><span class='ocrx_word' id='word_1_68' title='bbox 59 1054 89 1114; x_wconf 91' lang='lat' dir='ltr'>in</span> <span class='ocrx_word' id='word_1_69' title='bbox 119 1055 189 1130; x_wconf 87' lang='lat' dir='ltr'>ipso</span> <span class='ocrx_word' id='word_1_70' title='bbox 223 1058 311 1112; x_wconf 91' lang='lat' dir='ltr'>erant</span> <span class='ocrx_word' id='word_1_71' title='bbox 339 1053 440 1113; x_wconf 89' lang='lat' dir='ltr'>studia</span> <span class='ocrx_word' id='word_1_72' title='bbox 466 1053 591 1112; x_wconf 91' lang='lat' dir='ltr'>nimiam</span> <span class='ocrx_word' id='word_1_73' title='bbox 618 1053 812 1113; x_wconf 88' lang='lat' dir='ltr'>severitatem</span> <span class='ocrx_word' id='word_1_74' title='bbox 839 1054 1072 1131; x_wconf 89' lang='lat' dir='ltr'>aspernantium,</span> 
     </span>
     <span class='ocr_line' id='line_1_11' title="bbox 59 1135 1072 1220; baseline -0.001 -17"><span class='ocrx_word' id='word_1_75' title='bbox 59 1143 198 1220; x_wconf 87' lang='lat' dir='ltr'>pluribus</span> <span class='ocrx_word' id='word_1_76' title='bbox 220 1141 297 1201; x_wconf 92' lang='lat' dir='ltr'>nihil</span> <span class='ocrx_word' id='word_1_77' title='bbox 315 1142 495 1201; x_wconf 88' lang='lat' dir='ltr'>mutandum</span> <span class='ocrx_word' id='word_1_78' title='bbox 518 1142 715 1219; x_wconf 82' lang='lat' dir='ltr'>censentibus,</span> <span class='ocrx_word' id='word_1_79' title='bbox 739 1161 774 1200; x_wconf 93' lang='lat' dir='ltr'>ex</span> <span class='ocrx_word' id='word_1_80' title='bbox 796 1141 863 1216; x_wconf 88' lang='lat' dir='ltr'>quis</span> <span class='ocrx_word' id='word_1_81' title='bbox 887 1135 920 1202; x_wconf 79' lang='lat' dir='ltr'>O.</span> <span class='ocrx_word' id='word_1_82' title='bbox 940 1135 1072 1202; x_wconf 75' lang='lat' dir='ltr'>Cassius</span> 
     </span>
     <span class='ocr_line' id='line_1_12' title="bbox 60 1224 846 1292; baseline -0.004 -1"><span class='ocrx_word' id='word_1_83' title='bbox 60 1227 242 1292; x_wconf 89' lang='lat' dir='ltr'>sententiae</span> <span class='ocrx_word' id='word_1_84' title='bbox 264 1227 335 1291; x_wconf 92' lang='lat' dir='ltr'>loco</span> <span class='ocrx_word' id='word_1_85' title='bbox 358 1226 392 1290; x_wconf 90' lang='lat' dir='ltr'>in</span> <span class='ocrx_word' id='word_1_86' title='bbox 414 1225 500 1291; x_wconf 92' lang='lat' dir='ltr'>hunc</span> <span class='ocrx_word' id='word_1_87' title='bbox 523 1226 653 1290; x_wconf 89' lang='lat' dir='ltr'>modum</span> <span class='ocrx_word' id='word_1_88' title='bbox 676 1224 846 1290; x_wconf 79' lang='lat' dir='ltr'>disseruitr</span> 
     </span>
    </p>

    <p class='ocr_par' dir='ltr' id='par_1_3' title="bbox 60 1313 1159 3616">
     <span class='ocr_line' id='line_1_13' title="bbox 148 1313 1072 1400; baseline -0.002 -20"><span class='ocrx_word' id='word_1_89' title='bbox 148 1313 253 1399; x_wconf 84' lang='lat' dir='ltr'>Saepe</span> <span class='ocrx_word' id='word_1_90' title='bbox 279 1335 428 1397; x_wconf 88' lang='lat' dir='ltr'>numero,</span> <span class='ocrx_word' id='word_1_91' title='bbox 454 1318 564 1400; x_wconf 88' lang='lat' dir='ltr'>patres</span> <span class='ocrx_word' id='word_1_92' title='bbox 592 1315 781 1397; x_wconf 86' lang='lat' dir='ltr'>conscripti,</span> <span class='ocrx_word' id='word_1_93' title='bbox 808 1314 842 1379; x_wconf 90' lang='lat' dir='ltr'>in</span> <span class='ocrx_word' id='word_1_94' title='bbox 869 1314 932 1378; x_wconf 93' lang='lat' dir='ltr'>hoc</span> <span class='ocrx_word' id='word_1_95' title='bbox 960 1313 1072 1378; x_wconf 88' lang='lat' dir='ltr'>ordine</span> 
     </span>
     <span class='ocr_line' id='line_1_14' title="bbox 60 1403 1073 1488; baseline -0.004 -18"><span class='ocrx_word' id='word_1_96' title='bbox 60 1403 204 1488; x_wconf 80' lang='lat' dir='ltr'>interfui,</span> <span class='ocrx_word' id='word_1_97' title='bbox 228 1424 302 1467; x_wconf 88' lang='lat' dir='ltr'>cum</span> <span class='ocrx_word' id='word_1_98' title='bbox 325 1406 439 1468; x_wconf 88' lang='lat' dir='ltr'>contra</span> <span class='ocrx_word' id='word_1_99' title='bbox 462 1404 614 1468; x_wconf 88' lang='lat' dir='ltr'>instituta</span> <span class='ocrx_word' id='word_1_100' title='bbox 638 1408 672 1468; x_wconf 92' lang='lat' dir='ltr'>et</span> <span class='ocrx_word' id='word_1_101' title='bbox 693 1403 781 1487; x_wconf 80' lang='lat' dir='ltr'>leges</span> <span class='ocrx_word' id='word_1_102' title='bbox 805 1403 963 1468; x_wconf 88' lang='lat' dir='ltr'>maiorum</span> <span class='ocrx_word' id='word_1_103' title='bbox 987 1423 1073 1467; x_wconf 90' lang='lat' dir='ltr'>nova</span> 
     </span>
     <span class='ocr_line' id='line_1_15' title="bbox 60 1491 1072 1576; baseline -0.002 -18"><span class='ocrx_word' id='word_1_104' title='bbox 60 1497 192 1558; x_wconf 91' lang='lat' dir='ltr'>senatus</span> <span class='ocrx_word' id='word_1_105' title='bbox 220 1492 349 1557; x_wconf 89' lang='lat' dir='ltr'>decreta</span> <span class='ocrx_word' id='word_1_106' title='bbox 370 1493 624 1575; x_wconf 81' lang='lat' dir='ltr'>postularentur3</span> <span class='ocrx_word' id='word_1_107' title='bbox 650 1511 754 1576; x_wconf 92' lang='lat' dir='ltr'>neque</span> <span class='ocrx_word' id='word_1_108' title='bbox 778 1513 850 1556; x_wconf 89' lang='lat' dir='ltr'>snm</span> <span class='ocrx_word' id='word_1_109' title='bbox 873 1491 1072 1576; x_wconf 88' lang='lat' dir='ltr'>adversatus,</span> 
     </span>
     <span class='ocr_line' id='line_1_16' title="bbox 60 1580 1072 1665; baseline -0.003 -18"><span class='ocrx_word' id='word_1_110' title='bbox 60 1604 126 1647; x_wconf 89' lang='lat' dir='ltr'>non</span> <span class='ocrx_word' id='word_1_111' title='bbox 160 1580 239 1665; x_wconf 91' lang='lat' dir='ltr'>quia</span> <span class='ocrx_word' id='word_1_112' title='bbox 271 1580 453 1644; x_wconf 87' lang='lat' dir='ltr'>dubitarem</span> <span class='ocrx_word' id='word_1_113' title='bbox 485 1603 582 1664; x_wconf 90' lang='lat' dir='ltr'>super</span> <span class='ocrx_word' id='word_1_114' title='bbox 609 1581 759 1645; x_wconf 88' lang='lat' dir='ltr'>omnibus</span> <span class='ocrx_word' id='word_1_115' title='bbox 787 1581 929 1665; x_wconf 84' lang='lat' dir='ltr'>negotiis</span> <span class='ocrx_word' id='word_1_116' title='bbox 957 1581 1072 1645; x_wconf 90' lang='lat' dir='ltr'>melius</span> 
     </span>
     <span class='ocr_line' id='line_1_17' title="bbox 61 1668 1072 1756; baseline -0.004 -19"><span class='ocrx_word' id='word_1_117' title='bbox 61 1675 157 1756; x_wconf 84' lang='lat' dir='ltr'>atque</span> <span class='ocrx_word' id='word_1_118' title='bbox 186 1669 305 1734; x_wconf 87' lang='lat' dir='ltr'>rectius</span> <span class='ocrx_word' id='word_1_119' title='bbox 330 1668 408 1733; x_wconf 90' lang='lat' dir='ltr'>olim</span> <span class='ocrx_word' id='word_1_120' title='bbox 431 1670 595 1754; x_wconf 90' lang='lat' dir='ltr'>provisum</span> <span class='ocrx_word' id='word_1_121' title='bbox 619 1673 665 1754; x_wconf 92' lang='lat' dir='ltr'>et,</span> <span class='ocrx_word' id='word_1_122' title='bbox 693 1691 775 1753; x_wconf 91' lang='lat' dir='ltr'>quae</span> <span class='ocrx_word' id='word_1_123' title='bbox 798 1674 1072 1750; x_wconf 86' lang='lat' dir='ltr'>converterentur,</span> 
     </span>
     <span class='ocr_line' id='line_1_18' title="bbox 61 1757 1072 1842; baseline -0.002 -18"><span class='ocrx_word' id='word_1_124' title='bbox 61 1760 93 1824; x_wconf 90' lang='lat' dir='ltr'>in</span> <span class='ocrx_word' id='word_1_125' title='bbox 117 1759 263 1824; x_wconf 90' lang='lat' dir='ltr'>deterius</span> <span class='ocrx_word' id='word_1_126' title='bbox 287 1758 416 1840; x_wconf 88' lang='lat' dir='ltr'>mutari,</span> <span class='ocrx_word' id='word_1_127' title='bbox 440 1758 495 1822; x_wconf 90' lang='lat' dir='ltr'>sed</span> <span class='ocrx_word' id='word_1_128' title='bbox 516 1780 557 1823; x_wconf 91' lang='lat' dir='ltr'>ne</span> <span class='ocrx_word' id='word_1_129' title='bbox 577 1757 678 1824; x_wconf 88' lang='lat' dir='ltr'>nimio</span> <span class='ocrx_word' id='word_1_130' title='bbox 697 1780 807 1823; x_wconf 89' lang='lat' dir='ltr'>amore</span> <span class='ocrx_word' id='word_1_131' title='bbox 826 1759 954 1842; x_wconf 88' lang='lat' dir='ltr'>antiqui</span> <span class='ocrx_word' id='word_1_132' title='bbox 972 1758 1072 1822; x_wconf 90' lang='lat' dir='ltr'>moris</span> 
     </span>
     <span class='ocr_line' id='line_1_19' title="bbox 61 1845 1073 1931; baseline -0.001 -18"><span class='ocrx_word' id='word_1_133' title='bbox 61 1847 205 1913; x_wconf 88' lang='lat' dir='ltr'>studium</span> <span class='ocrx_word' id='word_1_134' title='bbox 228 1867 335 1911; x_wconf 92' lang='lat' dir='ltr'>meum</span> <span class='ocrx_word' id='word_1_135' title='bbox 358 1848 513 1911; x_wconf 86' lang='lat' dir='ltr'>extollere</span> <span class='ocrx_word' id='word_1_136' title='bbox 535 1848 668 1912; x_wconf 88' lang='lat' dir='ltr'>viderer.</span> <span class='ocrx_word' id='word_1_137' title='bbox 715 1847 812 1912; x_wconf 91' lang='lat' dir='ltr'>simul</span> <span class='ocrx_word' id='word_1_138' title='bbox 835 1845 988 1931; x_wconf 91' lang='lat' dir='ltr'>quidquid</span> <span class='ocrx_word' id='word_1_139' title='bbox 1011 1847 1073 1912; x_wconf 90' lang='lat' dir='ltr'>hoc</span> 
     </span>
     <span class='ocr_line' id='line_1_20' title="bbox 60 1934 1074 2020; baseline -0.004 -18"><span class='ocrx_word' id='word_1_140' title='bbox 60 1936 95 2001; x_wconf 92' lang='lat' dir='ltr'>in</span> <span class='ocrx_word' id='word_1_141' title='bbox 115 1935 214 2001; x_wconf 91' lang='lat' dir='ltr'>nobis</span> <span class='ocrx_word' id='word_1_142' title='bbox 238 1934 442 2000; x_wconf 89' lang='lat' dir='ltr'>auctoritatis</span> <span class='ocrx_word' id='word_1_143' title='bbox 463 1940 521 2020; x_wconf 77' lang='lat' dir='ltr'>est,</span> <span class='ocrx_word' id='word_1_144' title='bbox 544 1936 666 2001; x_wconf 90' lang='lat' dir='ltr'>crebris</span> <span class='ocrx_word' id='word_1_145' title='bbox 689 1936 999 2000; x_wconf 89' lang='lat' dir='ltr'>contradictionibus</span> <span class='ocrx_word' id='word_1_146' title='bbox 1022 1935 1074 1999; x_wconf 93' lang='lat' dir='ltr'>de·</span> 
     </span>
     <span class='ocr_line' id='line_1_21' title="bbox 62 2022 1074 2108; baseline -0.004 -18"><span class='ocrx_word' id='word_1_147' title='bbox 62 2024 251 2091; x_wconf 85' lang='lat' dir='ltr'>struendum</span> <span class='ocrx_word' id='word_1_148' title='bbox 275 2044 341 2087; x_wconf 89' lang='lat' dir='ltr'>non</span> <span class='ocrx_word' id='word_1_149' title='bbox 364 2024 598 2106; x_wconf 86' lang='lat' dir='ltr'>existimabam,</span> <span class='ocrx_word' id='word_1_150' title='bbox 622 2027 660 2088; x_wconf 88' lang='lat' dir='ltr'>ut</span> <span class='ocrx_word' id='word_1_151' title='bbox 683 2029 828 2089; x_wconf 88' lang='lat' dir='ltr'>maneret</span> <span class='ocrx_word' id='word_1_152' title='bbox 849 2026 1021 2108; x_wconf 84' lang='lat' dir='ltr'>integrum,</span> <span class='ocrx_word' id='word_1_153' title='bbox 1045 2022 1074 2088; x_wconf 91' lang='lat' dir='ltr'>si</span> 
     </span>
     <span class='ocr_line' id='line_1_22' title="bbox 63 2111 1073 2199; baseline -0.001 -21"><span class='ocrx_word' id='word_1_154' title='bbox 63 2114 191 2199; x_wconf 90' lang='lat' dir='ltr'>quando</span> <span class='ocrx_word' id='word_1_155' title='bbox 228 2134 280 2176; x_wconf 88' lang='lat' dir='ltr'>res</span> <span class='ocrx_word' id='word_1_156' title='bbox 317 2113 447 2196; x_wconf 92' lang='lat' dir='ltr'>publica</span> <span class='ocrx_word' id='word_1_157' title='bbox 481 2113 625 2177; x_wconf 88' lang='lat' dir='ltr'>consiliis</span> <span class='ocrx_word' id='word_1_158' title='bbox 657 2114 806 2195; x_wconf 85' lang='lat' dir='ltr'>eguisset.</span> <span class='ocrx_word' id='word_1_159' title='bbox 861 2113 946 2197; x_wconf 92' lang='lat' dir='ltr'>quod</span> <span class='ocrx_word' id='word_1_160' title='bbox 977 2111 1073 2177; x_wconf 90' lang='lat' dir='ltr'>hodie</span> 
     </span>
     <span class='ocr_line' id='line_1_23' title="bbox 63 2200 1074 2286; baseline -0.001 -19"><span class='ocrx_word' id='word_1_161' title='bbox 63 2203 181 2283; x_wconf 89' lang='lat' dir='ltr'>evcnit,</span> <span class='ocrx_word' id='word_1_162' title='bbox 200 2200 363 2266; x_wconf 89' lang='lat' dir='ltr'>consulari</span> <span class='ocrx_word' id='word_1_163' title='bbox 381 2202 451 2267; x_wconf 92' lang='lat' dir='ltr'>viro</span> <span class='ocrx_word' id='word_1_164' title='bbox 471 2201 558 2266; x_wconf 90' lang='lat' dir='ltr'>domi</span> <span class='ocrx_word' id='word_1_165' title='bbox 578 2223 654 2266; x_wconf 88' lang='lat' dir='ltr'>suae</span> <span class='ocrx_word' id='word_1_166' title='bbox 673 2201 844 2266; x_wconf 89' lang='lat' dir='ltr'>interfecto</span> <span class='ocrx_word' id='word_1_167' title='bbox 863 2224 922 2286; x_wconf 91' lang='lat' dir='ltr'>per</span> <span class='ocrx_word' id='word_1_168' title='bbox 939 2201 1074 2266; x_wconf 90' lang='lat' dir='ltr'>insidias</span> 
     </span>
     <span class='ocr_line' id='line_1_24' title="bbox 63 2290 1073 2374; baseline -0.003 -18"><span class='ocrx_word' id='word_1_169' title='bbox 63 2291 213 2373; x_wconf 87' lang='lat' dir='ltr'>serviles,</span> <span class='ocrx_word' id='word_1_170' title='bbox 246 2311 328 2374; x_wconf 89' lang='lat' dir='ltr'>quas</span> <span class='ocrx_word' id='word_1_171' title='bbox 354 2311 447 2354; x_wconf 92' lang='lat' dir='ltr'>nemo</span> <span class='ocrx_word' id='word_1_172' title='bbox 475 2290 643 2373; x_wconf 92' lang='lat' dir='ltr'>prohibuit</span> <span class='ocrx_word' id='word_1_173' title='bbox 670 2294 727 2354; x_wconf 89' lang='lat' dir='ltr'>aut</span> <span class='ocrx_word' id='word_1_174' title='bbox 753 2290 896 2372; x_wconf 89' lang='lat' dir='ltr'>prodidit</span> <span class='ocrx_word' id='word_1_175' title='bbox 927 2290 1073 2374; x_wconf 89' lang='lat' dir='ltr'>quamvis</span> 
     </span>
     <span class='ocr_line' id='line_1_25' title="bbox 62 2377 1075 2461; baseline -0.003 -17"><span class='ocrx_word' id='word_1_176' title='bbox 62 2380 208 2445; x_wconf 91' lang='lat' dir='ltr'>nondum</span> <span class='ocrx_word' id='word_1_177' title='bbox 233 2399 388 2443; x_wconf 88' lang='lat' dir='ltr'>concusso</span> <span class='ocrx_word' id='word_1_178' title='bbox 411 2377 522 2460; x_wconf 85' lang='lat' dir='ltr'>&lt;more</span> <span class='ocrx_word' id='word_1_179' title='bbox 541 2382 679 2461; x_wconf 91' lang='lat' dir='ltr'>vetusto,</span> <span class='ocrx_word' id='word_1_180' title='bbox 701 2379 831 2443; x_wconf 86' lang='lat' dir='ltr'>firmato</span> <span class='ocrx_word' id='word_1_181' title='bbox 851 2380 948 2442; x_wconf 89' lang='lat' dir='ltr'>etiam</span> <span class='ocrx_word' id='word_1_182' title='bbox 968 2378 1075 2460; x_wconf 84' lang='lat' dir='ltr'>novo&gt;</span> 
     </span>
     <span class='ocr_line' id='line_1_26' title="bbox 63 2466 1075 2551; baseline -0.005 -18"><span class='ocrx_word' id='word_1_183' title='bbox 63 2466 365 2550; x_wconf 90' lang='lat' dir='ltr'>senatusconsulto,</span> <span class='ocrx_word' id='word_1_184' title='bbox 393 2467 478 2550; x_wconf 91' lang='lat' dir='ltr'>quod</span> <span class='ocrx_word' id='word_1_185' title='bbox 508 2468 701 2551; x_wconf 90' lang='lat' dir='ltr'>supplicium</span> <span class='ocrx_word' id='word_1_186' title='bbox 727 2468 788 2532; x_wconf 91' lang='lat' dir='ltr'>toti</span> <span class='ocrx_word' id='word_1_187' title='bbox 815 2467 959 2533; x_wconf 88' lang='lat' dir='ltr'>familiae</span> <span class='ocrx_word' id='word_1_188' title='bbox 983 2467 1075 2530; x_wconf 90' lang='lat' dir='ltr'>mini·</span> 
     </span>
     <span class='ocr_line' id='line_1_27' title="bbox 63 2555 1075 2640; baseline -0.005 -18"><span class='ocrx_word' id='word_1_189' title='bbox 63 2558 203 2622; x_wconf 87' lang='lat' dir='ltr'>tabatur.</span> <span class='ocrx_word' id='word_1_190' title='bbox 268 2556 426 2620; x_wconf 88' lang='lat' dir='ltr'>decernite</span> <span class='ocrx_word' id='word_1_191' title='bbox 462 2555 593 2620; x_wconf 91' lang='lat' dir='ltr'>hercule</span> <span class='ocrx_word' id='word_1_192' title='bbox 629 2556 860 2640; x_wconf 89' lang='lat' dir='ltr'>inpunitatem,</span> <span class='ocrx_word' id='word_1_193' title='bbox 901 2560 937 2620; x_wconf 92' lang='lat' dir='ltr'>ut</span> <span class='ocrx_word' id='word_1_194' title='bbox 979 2576 1075 2638; x_wconf 91' lang='lat' dir='ltr'>quem</span> 
     </span>
     <span class='ocr_line' id='line_1_28' title="bbox 64 2643 1074 2731; baseline -0.003 -21"><span class='ocrx_word' id='word_1_195' title='bbox 64 2646 205 2731; x_wconf 84' lang='lat' dir='ltr'>dignitas</span> <span class='ocrx_word' id='word_1_196' title='bbox 229 2667 287 2708; x_wconf 89' lang='lat' dir='ltr'>sua</span> <span class='ocrx_word' id='word_1_197' title='bbox 311 2644 468 2725; x_wconf 81' lang='lat' dir='ltr'>defendat,</span> <span class='ocrx_word' id='word_1_198' title='bbox 492 2666 564 2708; x_wconf 90' lang='lat' dir='ltr'>cum</span> <span class='ocrx_word' id='word_1_199' title='bbox 585 2645 788 2729; x_wconf 88' lang='lat' dir='ltr'>praefectura</span> <span class='ocrx_word' id='word_1_200' title='bbox 809 2643 899 2708; x_wconf 87' lang='lat' dir='ltr'>urbis</span> <span class='ocrx_word' id='word_1_201' title='bbox 918 2666 982 2708; x_wconf 90' lang='lat' dir='ltr'>non</span> <span class='ocrx_word' id='word_1_202' title='bbox 1001 2664 1074 2726; x_wconf 90' lang='lat' dir='ltr'>pro·</span> 
     </span>
     <span class='ocr_line' id='line_1_29' title="bbox 62 2731 1075 2817; baseline -0.002 -19"><span class='ocrx_word' id='word_1_203' title='bbox 62 2734 185 2799; x_wconf 77' lang='lat' dir='ltr'>fuerit?</span> <span class='ocrx_word' id='word_1_204' title='bbox 231 2755 325 2817; x_wconf 91' lang='lat' dir='ltr'>quem</span> <span class='ocrx_word' id='word_1_205' title='bbox 348 2754 498 2797; x_wconf 89' lang='lat' dir='ltr'>numerus</span> <span class='ocrx_word' id='word_1_206' title='bbox 522 2755 689 2798; x_wconf 88' lang='lat' dir='ltr'>servorum</span> <span class='ocrx_word' id='word_1_207' title='bbox 712 2737 854 2811; x_wconf 88' lang='lat' dir='ltr'>tueatur,</span> <span class='ocrx_word' id='word_1_208' title='bbox 878 2755 950 2798; x_wconf 92' lang='lat' dir='ltr'>cum</span> <span class='ocrx_word' id='word_1_209' title='bbox 973 2731 1075 2796; x_wconf 90' lang='lat' dir='ltr'>Peda-</span> 
     </span>
     <span class='ocr_line' id='line_1_30' title="bbox 62 2820 1075 2907; baseline -0.001 -20"><span class='ocrx_word' id='word_1_210' title='bbox 62 2823 154 2888; x_wconf 89' lang='lat' dir='ltr'>nium</span> <span class='ocrx_word' id='word_1_211' title='bbox 183 2820 364 2888; x_wconf 84' lang='lat' dir='ltr'>Seeundum</span> <span class='ocrx_word' id='word_1_212' title='bbox 397 2820 624 2907; x_wconf 84' lang='lat' dir='ltr'>quadringenti</span> <span class='ocrx_word' id='word_1_213' title='bbox 655 2843 720 2886; x_wconf 93' lang='lat' dir='ltr'>non</span> <span class='ocrx_word' id='word_1_214' title='bbox 753 2821 973 2905; x_wconf 82' lang='lat' dir='ltr'>protexerint?</span> <span class='ocrx_word' id='word_1_215' title='bbox 1024 2821 1075 2886; x_wconf 89' lang='lat' dir='ltr'>eui</span> 
     </span>
     <span class='ocr_line' id='line_1_31' title="bbox 63 2909 1076 2995; baseline -0.001 -19"><span class='ocrx_word' id='word_1_216' title='bbox 63 2911 189 2976; x_wconf 88' lang='lat' dir='ltr'>familia</span> <span class='ocrx_word' id='word_1_217' title='bbox 213 2932 307 2993; x_wconf 90' lang='lat' dir='ltr'>opem</span> <span class='ocrx_word' id='word_1_218' title='bbox 327 2911 421 2994; x_wconf 90' lang='lat' dir='ltr'>ferat,</span> <span class='ocrx_word' id='word_1_219' title='bbox 444 2932 525 2994; x_wconf 90' lang='lat' dir='ltr'>quae</span> <span class='ocrx_word' id='word_1_220' title='bbox 548 2933 588 2976; x_wconf 91' lang='lat' dir='ltr'>ne</span> <span class='ocrx_word' id='word_1_221' title='bbox 611 2911 646 2973; x_wconf 92' lang='lat' dir='ltr'>iu</span> <span class='ocrx_word' id='word_1_222' title='bbox 669 2917 757 2975; x_wconf 89' lang='lat' dir='ltr'>metu</span> <span class='ocrx_word' id='word_1_223' title='bbox 781 2912 906 2994; x_wconf 91' lang='lat' dir='ltr'>quidem</span> <span class='ocrx_word' id='word_1_224' title='bbox 931 2909 1076 2995; x_wconf 88' lang='lat' dir='ltr'>pericula</span> 
     </span>
     <span class='ocr_line' id='line_1_32' title="bbox 62 2998 1077 3085; baseline -0.001 -20"><span class='ocrx_word' id='word_1_225' title='bbox 62 3004 177 3065; x_wconf 89' lang='lat' dir='ltr'>nostra</span> <span class='ocrx_word' id='word_1_226' title='bbox 204 2998 365 3065; x_wconf 83' lang='lat' dir='ltr'>advertit?</span> <span class='ocrx_word' id='word_1_227' title='bbox 415 3021 468 3082; x_wconf 91' lang='lat' dir='ltr'>au,</span> <span class='ocrx_word' id='word_1_228' title='bbox 496 3003 533 3063; x_wconf 92' lang='lat' dir='ltr'>ut</span> <span class='ocrx_word' id='word_1_229' title='bbox 559 2999 690 3083; x_wconf 86' lang='lat' dir='ltr'>quidam</span> <span class='ocrx_word' id='word_1_230' title='bbox 718 2999 841 3085; x_wconf 87' lang='lat' dir='ltr'>fingere</span> <span class='ocrx_word' id='word_1_231' title='bbox 868 3021 935 3064; x_wconf 92' lang='lat' dir='ltr'>non</span> <span class='ocrx_word' id='word_1_232' title='bbox 964 3001 1077 3064; x_wconf 88' lang='lat' dir='ltr'>erube-</span> 
     </span>
     <span class='ocr_line' id='line_1_33' title="bbox 65 3087 1075 3173; baseline 0 -20"><span class='ocrx_word' id='word_1_233' title='bbox 65 3093 174 3173; x_wconf 88' lang='lat' dir='ltr'>scunt,</span> <span class='ocrx_word' id='word_1_234' title='bbox 210 3087 346 3152; x_wconf 91' lang='lat' dir='ltr'>iniurias</span> <span class='ocrx_word' id='word_1_235' title='bbox 379 3109 454 3151; x_wconf 84' lang='lat' dir='ltr'>suas</span> <span class='ocrx_word' id='word_1_236' title='bbox 487 3088 575 3152; x_wconf 87' lang='lat' dir='ltr'>ultus</span> <span class='ocrx_word' id='word_1_237' title='bbox 608 3091 658 3152; x_wconf 87' lang='lat' dir='ltr'>est</span> <span class='ocrx_word' id='word_1_238' title='bbox 689 3088 890 3171; x_wconf 90' lang='lat' dir='ltr'>interfector,</span> <span class='ocrx_word' id='word_1_239' title='bbox 928 3091 1003 3173; x_wconf 89' lang='lat' dir='ltr'>quia</span> <span class='ocrx_word' id='word_1_240' title='bbox 1036 3090 1075 3154; x_wconf 90' lang='lat' dir='ltr'>de</span> 
     </span>
     <span class='ocr_line' id='line_1_34' title="bbox 64 3175 1076 3267; baseline 0 -25"><span class='ocrx_word' id='word_1_241' title='bbox 64 3181 201 3261; x_wconf 89' lang='lat' dir='ltr'>paterna</span> <span class='ocrx_word' id='word_1_242' title='bbox 222 3175 371 3267; x_wconf 70' lang='lat' dir='ltr'>pecunia</span> <span class='ocrx_word' id='word_1_243' title='bbox 402 3179 606 3261; x_wconf 85' lang='lat' dir='ltr'>transegerat</span> <span class='ocrx_word' id='word_1_244' title='bbox 637 3182 693 3241; x_wconf 92' lang='lat' dir='ltr'>aut</span> <span class='ocrx_word' id='word_1_245' title='bbox 724 3178 847 3242; x_wconf 90' lang='lat' dir='ltr'>avitum</span> <span class='ocrx_word' id='word_1_246' title='bbox 880 3179 1076 3263; x_wconf 85' lang='lat' dir='ltr'>mancipium</span> 
     </span>
     <span class='ocr_line' id='line_1_35' title="bbox 66 3263 1075 3347; baseline -0.003 -16"><span class='ocrx_word' id='word_1_247' title='bbox 66 3263 319 3333; x_wconf 84' lang='lat' dir='ltr'>detrahebatur?</span> <span class='ocrx_word' id='word_1_248' title='bbox 382 3265 627 3347; x_wconf 82' lang='lat' dir='ltr'>pronuntiemus</span> <span class='ocrx_word' id='word_1_249' title='bbox 673 3265 759 3331; x_wconf 90' lang='lat' dir='ltr'>ultro</span> <span class='ocrx_word' id='word_1_250' title='bbox 801 3266 965 3330; x_wconf 90' lang='lat' dir='ltr'>dominum</span> <span class='ocrx_word' id='word_1_251' title='bbox 1006 3268 1075 3330; x_wconf 90' lang='lat' dir='ltr'>iure</span> 
     </span>
     <span class='ocr_line' id='line_1_36' title="bbox 66 3352 1159 3438; baseline -0.005 -17"><span class='ocrx_word' id='word_1_252' title='bbox 66 3376 194 3421; x_wconf 89' lang='lat' dir='ltr'>caesum</span> <span class='ocrx_word' id='word_1_253' title='bbox 231 3352 342 3418; x_wconf 86' lang='lat' dir='ltr'>videri.</span> <span class='ocrx_word' id='word_1_254' title='bbox 395 3353 477 3418; x_wconf 89' lang='lat' dir='ltr'>libet</span> <span class='ocrx_word' id='word_1_255' title='bbox 514 3359 706 3438; x_wconf 87' lang='lat' dir='ltr'>argumenta</span> <span class='ocrx_word' id='word_1_256' title='bbox 742 3355 928 3438; x_wconf 88' lang='lat' dir='ltr'>conquirere</span> <span class='ocrx_word' id='word_1_257' title='bbox 960 3355 994 3418; x_wconf 94' lang='lat' dir='ltr'>in</span> <span class='ocrx_word' id='word_1_258' title='bbox 1029 3374 1076 3437; x_wconf 86' lang='lat' dir='ltr'>eo,</span> <span class='ocrx_word' id='word_1_259' title='bbox 1157 3375 1159 3379; x_wconf 91' lang='lat'>·</span> 
     </span>
     <span class='ocr_line' id='line_1_37' title="bbox 66 3441 1076 3528; baseline -0.003 -19"><span class='ocrx_word' id='word_1_260' title='bbox 66 3444 149 3528; x_wconf 88' lang='lat' dir='ltr'>quod</span> <span class='ocrx_word' id='word_1_261' title='bbox 174 3441 428 3528; x_wconf 90' lang='lat' dir='ltr'>sapientioribus</span> <span class='ocrx_word' id='word_1_262' title='bbox 451 3443 664 3508; x_wconf 89' lang='lat' dir='ltr'>deliberatum</span> <span class='ocrx_word' id='word_1_263' title='bbox 688 3442 759 3506; x_wconf 79' lang='lat' dir='ltr'>est?</span> <span class='ocrx_word' id='word_1_264' title='bbox 805 3443 861 3508; x_wconf 86' lang='lat' dir='ltr'>sed</span> <span class='ocrx_word' id='word_1_265' title='bbox 884 3447 917 3507; x_wconf 89' lang='lat' dir='ltr'>et</span> <span class='ocrx_word' id='word_1_266' title='bbox 940 3442 967 3506; x_wconf 89' lang='lat' dir='ltr'>si</span> <span class='ocrx_word' id='word_1_267' title='bbox 991 3463 1076 3506; x_wconf 90' lang='lat' dir='ltr'>nune</span> 
     </span>
     <span class='ocr_line' id='line_1_38' title="bbox 67 3531 1086 3616; baseline 0.001 -19"><span class='ocrx_word' id='word_1_268' title='bbox 67 3533 206 3616; x_wconf 89' lang='lat' dir='ltr'>primum</span> <span class='ocrx_word' id='word_1_269' title='bbox 247 3531 453 3596; x_wconf 89' lang='lat' dir='ltr'>statuendum</span> <span class='ocrx_word' id='word_1_270' title='bbox 492 3532 697 3614; x_wconf 88' lang='lat' dir='ltr'>haberemus,</span> <span class='ocrx_word' id='word_1_271' title='bbox 738 3531 908 3599; x_wconf 89' lang='lat' dir='ltr'>creditisne</span> <span class='ocrx_word' id='word_1_272' title='bbox 949 3553 1086 3600; x_wconf 77' lang='lat' dir='ltr'>servum</span> 
     </span>
    </p>
   </div>
   <div class='ocr_carea' id='block_1_3' title="bbox 0 0 1223 3976">
    <p class='ocr_par' dir='ltr' id='par_1_4' title="bbox 0 0 1223 3976">
     <span class='ocr_line' id='line_1_39' title="bbox 0 0 1223 3976; baseline 0 0"><span class='ocrx_word' id='word_1_273' title='bbox 0 0 1223 3976; x_wconf 95' lang='lat' dir='ltr'> </span> 
     </span>
    </p>
   </div>
  </div>
 </body>
</html>
