2422 3976
93 208 158 272 498
197 207 230 262 V.
249 205 399 261 NERVAE
417 205 464 258 ET
482 205 635 259 ruamur
653 203 760 269 TEMP.
779 202 875 257 Iulus
896 202 1078 258 CONSULTI

94 372 232 453 iotetlepo
250 370 325 451 quid
341 370 389 447 cit,
408 371 444 434 de
462 389 520 450 quo
538 390 586 432 me
605 369 802 445 consulueris,
825 372 881 430 out
897 367 999 430 calide
1016 366 1110 431 stulto

94 465 138 524 est
159 459 339 524 consultatio
362 463 432 534 tra;
451 459 526 540 plus
548 459 630 522 euim
651 477 745 539 quom
767 456 935 520 ridiculum
957 460 1003 519 est
1024 456 1109 520 deebi·

94 553 172 630 tore,
201 569 245 611 ou
272 547 387 628 alioue
412 547 480 611 iure
505 548 587 611 testis
609 546 765 611 adhibitus
787 547 835 628 sit,
858 545 1008 626 proriam
1031 545 1109 609 idem

94 643 123 701 et
145 636 266 701 tubulos
289 636 458 700 testamenti
480 637 643 717 scripserit.

507 829 556 894 De
579 831 694 913 lepotis.

183 947 213 1010 2.
236 945 275 1010 D.
295 947 350 1028 31,
366 946 418 1011 30.
464 944 553 1010 Idem
577 943 635 1032 (sc.
656 942 785 1031 Celsus)
808 931 899 1009 libro*
917 944 1106 1028 trigeusimo

98 1035 235 1119 septimo
269 1032 487 1118 Digestorum.
521 1070 563 1079 —
597 1029 734 1108 Quidam
767 1035 802 1097 in
832 1038 1031 1099 testamento
1063 1033 1107 1097 ita

96 1124 239 1206 scripsit:
266 1122 493 1206 ‘reipublicae
518 1121 788 1187 Grauiscanorum
811 1121 885 1205 lego
914 1123 949 1186 in
974 1123 1105 1186 tutelam

94 1212 166 1277 viae
189 1212 391 1295 reficiendae,
421 1233 501 1296 quae
528 1215 577 1276 est
600 1211 635 1274 in
658 1212 785 1276 colonia
809 1233 918 1275 eorum
943 1209 1104 1295 usquead

94 1301 182 1366 viam
218 1299 405 1365 Aureliam'.
468 1300 650 1384 quaesitum
687 1304 749 1377 est,
787 1321 828 1363 an
865 1299 927 1364 hoe
964 1300 1103 1385 legatum

95 1390 211 1454 valeat.
244 1389 410 1453 Iuventius
426 1386 539 1454 Celsus
558 1390 737 1472 respondit:
752 1391 975 1470 propemodum
990 1391 1102 1471 quidun

94 1477 273 1560 imperfecta
296 1483 340 1542 est
359 1478 433 1542 hoec
455 1478 610 1559 scripturo
631 1476 685 1561 [io
704 1479 830 1542 tutelam
848 1478 1001 1542 Aureliae
1018 1479 1101 1556 oioeJ,

94 1569 170 1648 quio
206 1587 329 1630 sommo
364 1568 520 1648 adscripto
555 1587 618 1631 ooo
654 1572 712 1643 est;
745 1570 844 1648 potest
877 1563 983 1631 tameo
1014 1565 1101 1631 rideri

96 1660 184 1719 torto
207 1675 330 1718 summa
353 1656 463 1738 lepoto,
486 1661 604 1737 qrooto
627 1656 655 1719 ei
676 1656 722 1719 rei
744 1655 903 1738 sufficeret.

185 1775 384 1835 Tribonianus
415 1775 543 1834 addidit:
578 1769 616 1835 ‘si
648 1776 736 1834 modo
767 1794 827 1835 non
860 1778 988 1852 apparet
1019 1775 1098 1835 aliam

95 1863 188 1922 fuisse
218 1864 353 1922 defuncti
381 1864 566 1924 voluntatem
593 1867 648 1923 aut
676 1883 711 1923 ex
738 1864 949 1940 magnitudine
974 1865 1036 1924 eius
1058 1881 1097 1938 po

96 1952 199 2012 cuniae
232 1955 285 2011 aut
317 1972 352 2011 ex
380 1953 584 2012 mediocritate
612 1952 818 2030 facultatium,
851 1972 943 2029 quam
969 1952 1096 2012 tentatrix

95 2041 230 2118 reliquit3
249 2044 320 2100 tunc
340 2042 418 2100 enim
436 2042 533 2101 officio
556 2042 672 2118 iudiciS,
691 2042 853 2100 secundum
868 2042 1095 2100 aestimationem

94 2130 268 2205 patrimonii
288 2133 318 2187 et
336 2130 437 2207 legati,
457 2130 609 2207 quantitas
629 2125 746 2188 definiri
759 2124 881 2206 potest'.
919 2131 956 2189 cf.
976 2130 1094 2190 Graden-

95 2221 163 2277 witz
186 2240 213 2293 p.
235 2221 306 2277 211.

187 2309 222 2366 of.
246 2307 316 2383 Ulp.
334 2311 383 2385 24,
400 2310 450 2367 28.

441 2462 490 2526 De
511 2463 760 2543 fideicommissis.

186 2579 215 2641 3.
234 2577 273 2640 D.
284 2578 336 2660 29,
352 2579 380 2659 7,
397 2578 446 2642 18.
477 2576 587 2641 Celsus
604 2578 685 2641 libro
701 2576 877 2641 vicensimo
892 2577 1093 2662 Digestorum.
1136 2606 1138 2657 i

98 2701 139 2710 —
166 2664 313 2730 Plotiana
347 2664 441 2730 Celso
476 2688 534 2729 suo
568 2666 714 2729 salutem.
767 2664 886 2729 Lucius
920 2667 1025 2731 Titius
1053 2664 1093 2728 his
1136 2668 1138 2708 ἱ

97 2754 205 2817 verbis
228 2756 276 2817 ita
300 2756 399 2818 cavit:
423 2754 463 2818 ‘si
487 2755 563 2839 quid
583 2753 702 2818 tabulis
722 2755 824 2818 aliove
849 2777 912 2838 quo
934 2777 1047 2840 genere
1063 2751 1093 2815 ad
1136 2750 1138 2803 ἱ

95 2842 157 2905 hoc
181 2847 411 2906 testamentum
433 2845 598 2924 pertinens
622 2844 788 2925 reliquom,
811 2845 858 2906 ita
883 2845 989 2908 valere
1011 2839 1092 2907 volo'.

98 2952 226 3013 quaero,
250 2953 291 2994 an
316 2931 465 3014 codicilli,
491 2933 545 3015 qui
569 2937 644 2995 ante
664 2933 725 2996 hoc
744 2936 978 2996 testamentum
999 2927 1093 3013 scripti

97 3023 186 3103 sunt,
209 3020 347 3082 debeant
369 3021 433 3083 rati
458 3043 535 3084 esse.

186 3108 351 3171 Iuventius
372 3108 485 3173 Celsus
504 3109 674 3173 Plotianae
698 3109 844 3174 salutem.
886 3109 977 3174 Haec
1000 3109 1093 3173 verba:

97 3195 136 3257 ‘si
156 3197 232 3279 quid
253 3197 292 3259 ad
312 3197 373 3261 hoc
388 3202 616 3261 testamentum
632 3200 797 3282 pertinens
812 3199 985 3283 reliquero,
1003 3198 1092 3262 valere

96 3284 193 3366 volo’,
220 3286 316 3348 etiam
345 3308 382 3348 ea
412 3309 493 3369 quae
523 3290 596 3350 ante
624 3291 856 3351 testamentum
881 3289 1002 3371 scripta
1023 3286 1092 3361 sunt,

96 3374 374 3456 comprehendeie.

184 3472 213 3533 4.
238 3470 275 3533 D.
297 3472 349 3551 36,
367 3474 393 3553 l,
409 3473 460 3536 33.
507 3472 619 3536 Celsus
648 3474 733 3536 libro
762 3472 937 3538 vicensimo
961 3474 1090 3556 Digesto

96 3579 176 3621 rum.
199 3559 400 3623 -Ballista
423 3561 527 3625 filium
550 3563 691 3625 familias
715 3561 865 3626 heredem
887 3564 1026 3627 instituit
1043 3561 1087 3621 ita:
