2422 3976
340 183 366 231 4.
387 177 415 232 C.
430 176 574 232 cnsslus
592 178 777 235 LONGINUS
1026 183 1065 245 ”ll

69 340 186 405 {assius
214 339 328 403 scribil
353 339 446 421 idque
474 341 524 405 ius
548 345 664 406 natura
687 349 899 427 comparatur.
937 352 1069 428 apparel

70 435 165 511 um,
194 428 315 512 inquil,
345 448 382 492 ex
408 449 441 493 eo
468 429 626 511 <quodie
649 432 808 497 interdieta
830 434 866 497 cle
888 435 921 498 vi
942 441 1067 502 armata

69 523 202 600 eeeplum
225 517 303 599 est>
326 537 418 582 erma
440 519 539 582 armis
561 519 701 600 repellere
723 520 817 586 lisere.

141 606 196 670 22.
226 605 266 670 D.
280 607 333 688 41,
347 607 377 689 3,
391 605 421 688 4,
436 603 487 670 25.
533 607 654 671 Paulus
676 609 758 672 libro
782 611 1066 695 quinquagensimo

69 703 168 779 ‚uarto
205 694 244 759 ad
278 693 417 759 edictum
450 691 500 782 (P.
522 695 621 779 674⁰).
655 699 701 742 -’
730 695 764 760 si
797 698 944 764 dominus
975 702 1067 766 fundi

69 805 273 848 assessorem
306 783 339 848 vi
371 784 534 868 deiecerit,
566 783 698 849 Cassius
731 787 777 848 ait
809 808 873 851 non
905 789 1007 853 videri
1034 791 1067 854 in

69 877 251 937 ›oteslalem
275 872 342 936 eius
366 872 496 956 redisse,
518 873 645 957 quando
669 874 839 939 interdictu
862 876 945 940 unde
964 879 999 941 ui
1018 900 1066 942 re·

69 963 229 1026 titulurus
254 961 296 1025 sil
318 962 563 1043 possessionem.

140 1051 196 1116 23.
224 1049 263 1114 D.
277 1050 330 1134 43,
339 1051 392 1134 24,
402 1053 431 1128 3,
442 1051 471 1115 7.
518 1050 674 1132 Ulpianus
698 1050 782 1115 libro
807 1054 1067 1135 septuagensimo

69 1140 159 1204 nimo
189 1138 230 1203 ad
260 1138 397 1204 edietum
422 1135 619 1225 (1415921).
647 1175 689 1186 -
719 1137 811 1205 Clam
839 1140 944 1205 faeere
967 1141 1068 1207 videri

69 1227 186 1292 {assius
212 1227 326 1292 scribit
349 1249 421 1292 eum
445 1228 500 1311 qui
523 1228 638 1293 celavit
666 1229 883 1293 adversarium
913 1251 1015 1313 neque
1039 1232 1069 1294 ei

69 1316 273 1398 lennnliavil,
305 1317 333 1381 si
365 1318 461 1382 modo
494 1317 604 1381 timuit
633 1317 700 1382 eius
729 1318 983 1383 controversiam
1011 1324 1068 1384 aut

69 1405 166 1470 labuil
188 1404 312 1470 timere.

401 1498 483 1573 Quod
505 1501 535 1558 nl
557 1501 726 1559 aulolum?

143 1614 221 1673 Cum
239 1613 363 1690 Ulpiani
384 1614 485 1674 verbis
503 1613 540 1672 D.
551 1616 602 1691 43,
618 1617 669 1690 24,
682 1620 731 1691 11,
748 1617 765 1674 6
791 1609 835 1674 ‘si
855 1615 966 1674 tutoris
984 1615 1068 1674 iussu

69 1708 106 1763 ut
134 1704 283 1763 curatoris
309 1703 426 1762 laetum
453 1705 494 1761 sil
516 1695 570 1783 (sc.
588 1703 619 1761 vi
642 1708 697 1762 aul
719 1696 824 1786 elam),
852 1722 919 1762 cum
940 1704 1067 1780 placeat,

69 1793 134 1869 pud
149 1790 272 1851 Cassius
291 1792 407 1868 probat,
426 1810 462 1850 ex
480 1791 549 1851 dolo
567 1792 677 1851 tutoris
695 1793 744 1853 val
760 1793 905 1852 curatoris
918 1792 1067 1868 pupillum

69 1882 101 1941 ul
114 1880 267 1940 furiosum
283 1899 344 1940 non
357 1882 461 1952 lanati,
480 1881 599 1940 eveniet
611 1875 657 1939 ul'
672 1881 793 1956 probari
806 1881 953 1959 videatur,
971 1880 1069 1940 Cassii

69 1970 235 2029 anlentiam
253 1970 285 2027 in
303 1969 377 2027 iuris
392 1969 488 2029 civilis
503 1969 589 2029 libris
604 1970 789 2045 propositam
808 1961 850 2052 (v.
865 1989 957 2045 supra
971 1991 999 2044 p.
1011 1961 1068 2049 60)

69 2061 161 2118 ‚ossea
191 2058 224 2116 in
256 2059 313 2118 hoe
343 2077 460 2135 quoque
490 2058 649 2117 interdicto
682 2059 847 2118 adhibitam
879 2076 944 2117 asse
975 2051 1069 2136 (‘uum

69 2138 214 2227 iloeaat'),
242 2145 379 2206 Cassium
408 2147 443 2205 de
471 2147 575 2205 eodem
602 2166 661 2206 non
687 2147 796 2207 dixisse
819 2149 945 2222 apparel
973 2165 1068 2222 nsque

69 2237 106 2312 is,
143 2255 222 2311 quae
254 2236 414 2296 Iavolenus
449 2235 528 2294 libro
559 2236 650 2294 lertio
684 2237 797 2295 decimo
829 2255 866 2294 ex
893 2234 996 2295 Cassio
1025 2236 1069 2294 ail

69 2324 103 2384 D.
125 2315 356 2404 50,17,198):
389 2318 505 2401 ‘Neque
533 2324 565 2382 in
592 2324 750 2384 interdicto
777 2343 874 2400 neque
902 2325 933 2383 in
961 2325 1068 2383 celeris

69 2414 154 2472 ausis
177 2413 294 2489 pupillo
313 2431 419 2471 nocere
438 2415 559 2488 oportet
578 2413 678 2470 dolum
697 2414 816 2488 tutoris,
840 2413 902 2472 siva
926 2413 1068 2471 solvendo

69 2505 100 2561 st
123 2502 186 2562 sive
210 2522 270 2561 non
293 2496 364 2579 ast',
388 2500 484 2560 Cassii
507 2501 656 2560 sententia
678 2502 786 2560 referri
808 2502 937 2560 videtur.
981 2500 1070 2558 aliter

69 2585 175 2650 udiaal
197 2590 291 2655 Lanal
313 2589 346 2648 P.
360 2589 391 2648 Π
413 2591 467 2650 nol.
484 2592 547 2648 277
570 2610 599 2649 n.
616 2591 644 2649 3.

451 2767 502 2826 Uu·
517 2768 680 2840 possidens.

145 2877 199 2940 24.
231 2876 271 2941 D.
290 2878 343 2960 43,
364 2878 414 2961 17,
433 2878 462 2961 3,
481 2877 510 2941 5.
552 2876 713 2960 Ulpianus
738 2876 821 2939 libro
845 2876 1069 2961 sexagensimo

69 2986 140 3030 sono
172 2965 213 3029 ad
241 2965 380 3030 edietum
408 2965 456 3052 (P.
475 2965 586 3049 1540).
613 3001 650 3010 —
680 3013 710 3028 ..
738 2964 916 3047 videamus,
944 2965 971 3028 si
998 2986 1070 3047 pro-

69 3054 154 3118 eelio
179 3077 278 3138 supra
301 3055 399 3118 vieini
423 3056 527 3119 solum
550 3075 616 3118 non
639 3055 707 3116 iura
730 3052 844 3116 haberi
867 3052 1004 3133 dicatur,
1029 3075 1071 3115 an

69 3142 265 3207 nterdietum
303 3143 351 3206 uli
387 3143 559 3226 possidetis
597 3142 641 3206 sit
676 3142 755 3206 ulile
791 3143 883 3206 alleri
917 3142 1070 3206 adversus

69 3232 204 3296 illerum.
255 3237 289 3295 et
316 3235 365 3296 est
393 3233 477 3316 apud
506 3230 654 3297 Cassium
681 3230 819 3294 relatum
845 3230 972 3312 utrique
1001 3249 1070 3291 esse

69 3317 218 3404 dutile1,
240 3321 315 3404 quis
339 3321 421 3385 aller
445 3322 549 3385 solum
569 3319 723 3403 possidel,
746 3321 918 3384 alternum
939 3315 1071 3381 aedibus

69 3407 266 3490 superficiem.

128 3551 144 3598 1
165 3545 211 3601 Fl.
231 3545 340 3602 inutile.
