<?xml version="1.0" encoding="UTF-8"?>
<!DOCTYPE html PUBLIC "-//W3C//DTD XHTML 1.0 Transitional//EN"
    "http://www.w3.org/TR/xhtml1/DTD/xhtml1-transitional.dtd">
<html xmlns="http://www.w3.org/1999/xhtml" xml:lang="en" lang="en">
 <head>
  <title>
</title>
<meta http-equiv="Content-Type" content="text/html;charset=utf-8" />
  <meta name='ocr-system' content='tesseract 3.04.00' />
  <meta name='ocr-capabilities' content='ocr_page ocr_carea ocr_par ocr_line ocrx_word'/>
</head>
<body>
  <div class='ocr_page' id='page_1' title='image "./iurisprudentiae01bremgoog_0493.png"; bbox 0 0 2422 3976; ppageno 0'>
   <div class='ocr_carea' id='block_1_1' title="bbox 100 201 1085 269">
    <p class='ocr_par' dir='ltr' id='par_1_1' title="bbox 100 201 1085 269">
     <span class='ocr_line' id='line_1_1' title="bbox 100 201 1085 269; baseline -0.001 -12"><span class='ocrx_word' id='word_1_1' title='bbox 100 204 170 269; x_wconf 83' lang='grc'><strong><em>458</em></strong></span> <span class='ocrx_word' id='word_1_2' title='bbox 208 204 242 258; x_wconf 89' lang='lat' dir='ltr'><strong><em>V.</em></strong></span> <span class='ocrx_word' id='word_1_3' title='bbox 260 202 410 258; x_wconf 80' lang='lat' dir='ltr'><strong>NERVAE</strong></span> <span class='ocrx_word' id='word_1_4' title='bbox 428 202 475 256; x_wconf 86' lang='lat' dir='ltr'><strong><em>ET</em></strong></span> <span class='ocrx_word' id='word_1_5' title='bbox 495 201 646 256; x_wconf 83' lang='lat' dir='ltr'><strong>TRAIANI</strong></span> <span class='ocrx_word' id='word_1_6' title='bbox 664 201 771 258; x_wconf 82' lang='lat' dir='ltr'><strong>TEMP.</strong></span> <span class='ocrx_word' id='word_1_7' title='bbox 789 201 886 257; x_wconf 83' lang='lat' dir='ltr'><strong>IURIS</strong></span> <span class='ocrx_word' id='word_1_8' title='bbox 908 201 1085 258; x_wconf 73' lang='lat' dir='ltr'><strong><em>consum</em></strong></span> 
     </span>
    </p>
   </div>
   <div class='ocr_carea' id='block_1_2' title="bbox 94 370 1113 1012">
    <p class='ocr_par' dir='ltr' id='par_1_2' title="bbox 101 370 1113 538">
     <span class='ocr_line' id='line_1_2' title="bbox 103 370 1113 448; baseline -0.001 -16"><span class='ocrx_word' id='word_1_9' title='bbox 103 374 157 448; x_wconf 90' lang='lat' dir='ltr'><strong><em>qui</em></strong></span> <span class='ocrx_word' id='word_1_10' title='bbox 180 391 247 431; x_wconf 88' lang='lat' dir='ltr'><strong><em>eum</em></strong></span> <span class='ocrx_word' id='word_1_11' title='bbox 266 371 443 431; x_wconf 88' lang='lat' dir='ltr'><strong><em>deductione</em></strong></span> <span class='ocrx_word' id='word_1_12' title='bbox 462 389 552 446; x_wconf 89' lang='lat' dir='ltr'><strong><em>agere</em></strong></span> <span class='ocrx_word' id='word_1_13' title='bbox 570 370 701 447; x_wconf 88' lang='lat' dir='ltr'><strong><em>iubetur,</em></strong></span> <span class='ocrx_word' id='word_1_14' title='bbox 724 388 892 429; x_wconf 87' lang='lat' dir='ltr'><strong><em>sermonem</em></strong></span> <span class='ocrx_word' id='word_1_15' title='bbox 911 389 976 431; x_wconf 88' lang='lat' dir='ltr'><strong><em>esse</em></strong></span> <span class='ocrx_word' id='word_1_16' title='bbox 995 372 1113 432; x_wconf 81' lang='lat' dir='ltr'><strong><em>indicat.</em></strong></span> 
     </span>
     <span class='ocr_line' id='line_1_3' title="bbox 101 462 279 538; baseline 0 -16"><span class='ocrx_word' id='word_1_17' title='bbox 101 462 168 522; x_wconf 80' lang='lat' dir='ltr'><strong><em>Gai.</em></strong></span> <span class='ocrx_word' id='word_1_18' title='bbox 183 464 213 538; x_wconf 86' lang='lat'><strong><em>4,</em></strong></span> <span class='ocrx_word' id='word_1_19' title='bbox 229 464 279 522; x_wconf 77' lang='lat' dir='ltr'><strong><em>es.</em></strong></span> 
     </span>
    </p>

    <p class='ocr_par' dir='ltr' id='par_1_3' title="bbox 94 557 1110 911">
     <span class='ocr_line' id='line_1_4' title="bbox 193 557 1110 647; baseline 0.001 -21"><span class='ocrx_word' id='word_1_20' title='bbox 193 563 245 626; x_wconf 88' lang='grc'><strong><em>88.</em></strong></span> <span class='ocrx_word' id='word_1_21' title='bbox 269 559 308 625; x_wconf 92' lang='lat' dir='ltr'><strong><em>D.</em></strong></span> <span class='ocrx_word' id='word_1_22' title='bbox 323 560 376 644; x_wconf 82' lang='lat'><strong><em>50,</em></strong></span> <span class='ocrx_word' id='word_1_23' title='bbox 389 562 420 647; x_wconf 80' lang='lat'><strong><em>4,</em></strong></span> <span class='ocrx_word' id='word_1_24' title='bbox 436 561 485 626; x_wconf 84' lang='lat'><strong><em>13.</em></strong></span> <span class='ocrx_word' id='word_1_25' title='bbox 522 559 610 624; x_wconf 87' lang='lat' dir='ltr'><strong>Idem</strong></span> <span class='ocrx_word' id='word_1_26' title='bbox 627 557 686 646; x_wconf 86' lang='lat' dir='ltr'><strong><em>(so.</em></strong></span> <span class='ocrx_word' id='word_1_27' title='bbox 699 557 888 645; x_wconf 87' lang='lat' dir='ltr'><strong><em>Iavolenus)</em></strong></span> <span class='ocrx_word' id='word_1_28' title='bbox 904 561 990 627; x_wconf 88' lang='lat' dir='ltr'><strong><em>libro</em></strong></span> <span class='ocrx_word' id='word_1_29' title='bbox 1005 562 1110 647; x_wconf 90' lang='lat' dir='ltr'><strong><em>quinto</em></strong></span> 
     </span>
     <span class='ocr_line' id='line_1_5' title="bbox 98 649 1110 735; baseline 0.003 -22"><span class='ocrx_word' id='word_1_30' title='bbox 98 650 226 714; x_wconf 90' lang='lat' dir='ltr'><strong><em>deoimo</em></strong></span> <span class='ocrx_word' id='word_1_31' title='bbox 250 671 288 712; x_wconf 86' lang='lat' dir='ltr'><strong><em>ex</em></strong></span> <span class='ocrx_word' id='word_1_32' title='bbox 308 649 430 715; x_wconf 83' lang='lat' dir='ltr'><strong><em>Cassio.</em></strong></span> <span class='ocrx_word' id='word_1_33' title='bbox 457 655 494 696; x_wconf 86' lang='lat'><strong><em>-‘</em></strong></span> <span class='ocrx_word' id='word_1_34' title='bbox 527 650 651 714; x_wconf 87' lang='lat' dir='ltr'><strong><em>Voootio</em></strong></span> <span class='ocrx_word' id='word_1_35' title='bbox 673 650 802 732; x_wconf 76' lang='lat' dir='ltr'><strong><em>itemque</em></strong></span> <span class='ocrx_word' id='word_1_36' title='bbox 823 649 1018 735; x_wconf 83' lang='lat' dir='ltr'><strong><em>immunitos,</em></strong></span> <span class='ocrx_word' id='word_1_37' title='bbox 1041 671 1110 734; x_wconf 84' lang='lat' dir='ltr'><strong><em>quoe</em></strong></span> 
     </span>
     <span class='ocr_line' id='line_1_6' title="bbox 100 739 1110 821; baseline 0 -17"><span class='ocrx_word' id='word_1_38' title='bbox 100 739 207 804; x_wconf 84' lang='lat' dir='ltr'><strong><em>literis</em></strong></span> <span class='ocrx_word' id='word_1_39' title='bbox 229 743 267 803; x_wconf 74' lang='lat' dir='ltr'><strong><em>‘et</em></strong></span> <span class='ocrx_word' id='word_1_40' title='bbox 291 740 424 820; x_wconf 76' lang='lat' dir='ltr'><strong><em>posteris</em></strong></span> <span class='ocrx_word' id='word_1_41' title='bbox 454 739 587 802; x_wconf 86' lang='lat' dir='ltr'><strong><em>otiooins</em></strong></span> <span class='ocrx_word' id='word_1_42' title='bbox 618 739 693 802; x_wconf 84' lang='lat' dir='ltr'><strong><em>dato</em></strong></span> <span class='ocrx_word' id='word_1_43' title='bbox 721 742 777 821; x_wconf 84' lang='lat' dir='ltr'><strong><em>est,</em></strong></span> <span class='ocrx_word' id='word_1_44' title='bbox 809 739 852 802; x_wconf 89' lang='lat' dir='ltr'><strong><em>od</em></strong></span> <span class='ocrx_word' id='word_1_45' title='bbox 877 759 928 804; x_wconf 87' lang='lat' dir='ltr'><strong><em>eos</em></strong></span> <span class='ocrx_word' id='word_1_46' title='bbox 954 741 1110 804; x_wconf 73' lang='lat' dir='ltr'><strong><em>dumtaxat</em></strong></span> 
     </span>
     <span class='ocr_line' id='line_1_7' title="bbox 94 827 671 911; baseline -0.003 -20"><span class='ocrx_word' id='word_1_47' title='bbox 94 829 242 911; x_wconf 75' lang='lat' dir='ltr'><strong><em>pertinet,</em></strong></span> <span class='ocrx_word' id='word_1_48' title='bbox 264 829 318 909; x_wconf 86' lang='lat' dir='ltr'><strong><em>qni</em></strong></span> <span class='ocrx_word' id='word_1_49' title='bbox 340 828 406 892; x_wconf 88' lang='lat' dir='ltr'><strong><em>eins</em></strong></span> <span class='ocrx_word' id='word_1_50' title='bbox 428 827 569 905; x_wconf 81' lang='lat' dir='ltr'><strong><em>familior</em></strong></span> <span class='ocrx_word' id='word_1_51' title='bbox 590 832 671 892; x_wconf 83' lang='lat' dir='ltr'><strong><em>sant.</em></strong></span> 
     </span>
    </p>

    <p class='ocr_par' dir='ltr' id='par_1_4' title="bbox 190 938 593 1012">
     <span class='ocr_line' id='line_1_8' title="bbox 190 938 593 1012; baseline 0.002 -16"><span class='ocrx_word' id='word_1_52' title='bbox 190 939 227 996; x_wconf 85' lang='lat' dir='ltr'><strong><em>ef.</em></strong></span> <span class='ocrx_word' id='word_1_53' title='bbox 245 939 339 998; x_wconf 89' lang='lat' dir='ltr'><strong><em>Lenel</em></strong></span> <span class='ocrx_word' id='word_1_54' title='bbox 356 938 452 996; x_wconf 84' lang='lat' dir='ltr'><strong><em>Ediot.</em></strong></span> <span class='ocrx_word' id='word_1_55' title='bbox 472 959 499 1012; x_wconf 92' lang='lat' dir='ltr'><strong><em>p.</em></strong></span> <span class='ocrx_word' id='word_1_56' title='bbox 520 940 593 998; x_wconf 87' lang='grc'><strong>343.</strong></span> 
     </span>
    </p>
   </div>
   <div class='ocr_carea' id='block_1_3' title="bbox 378 1141 833 1201">
    <p class='ocr_par' dir='ltr' id='par_1_5' title="bbox 378 1141 833 1201">
     <span class='ocr_line' id='line_1_9' title="bbox 378 1141 833 1201; baseline 0 -2"><span class='ocrx_word' id='word_1_57' title='bbox 378 1142 415 1200; x_wconf 90' lang='lat' dir='ltr'><strong><em>V.</em></strong></span> <span class='ocrx_word' id='word_1_58' title='bbox 443 1142 494 1200; x_wconf 83' lang='lat' dir='ltr'><strong><em>Ex</em></strong></span> <span class='ocrx_word' id='word_1_59' title='bbox 516 1141 664 1201; x_wconf 93' lang='lat' dir='ltr'><strong><em>Plautio</em></strong></span> <span class='ocrx_word' id='word_1_60' title='bbox 687 1141 774 1200; x_wconf 89' lang='lat' dir='ltr'><strong><em>libri</em></strong></span> <span class='ocrx_word' id='word_1_61' title='bbox 797 1142 833 1200; x_wconf 92' lang='lat' dir='ltr'><strong><em>V.</em></strong></span> 
     </span>
    </p>
   </div>
   <div class='ocr_carea' id='block_1_4' title="bbox 93 1252 1100 3643">
    <p class='ocr_par' dir='ltr' id='par_1_6' title="bbox 93 1252 1100 3460">
     <span class='ocr_line' id='line_1_10' title="bbox 188 1252 1100 1318; baseline 0.002 -4"><span class='ocrx_word' id='word_1_62' title='bbox 188 1256 322 1317; x_wconf 91' lang='lat' dir='ltr'><strong><em>Iavoleni</em></strong></span> <span class='ocrx_word' id='word_1_63' title='bbox 360 1252 413 1315; x_wconf 78' lang='lat' dir='ltr'><strong><em>‘ad</em></strong></span> <span class='ocrx_word' id='word_1_64' title='bbox 445 1252 614 1316; x_wconf 90' lang='lat' dir='ltr'><strong><em>Plautium’</em></strong></span> <span class='ocrx_word' id='word_1_65' title='bbox 651 1257 721 1316; x_wconf 87' lang='lat' dir='ltr'><strong><em>libri</em></strong></span> <span class='ocrx_word' id='word_1_66' title='bbox 754 1257 920 1317; x_wconf 88' lang='lat' dir='ltr'><strong><em>laudantur</em></strong></span> <span class='ocrx_word' id='word_1_67' title='bbox 956 1263 988 1318; x_wconf 87' lang='lat' dir='ltr'><strong><em>et</em></strong></span> <span class='ocrx_word' id='word_1_68' title='bbox 1018 1258 1100 1318; x_wconf 82' lang='lat' dir='ltr'><strong><em>iudice</em></strong></span> 
     </span>
     <span class='ocr_line' id='line_1_11' title="bbox 100 1345 1098 1424; baseline 0.003 -20"><span class='ocrx_word' id='word_1_69' title='bbox 100 1347 231 1406; x_wconf 80' lang='lat' dir='ltr'><strong><em>Floreat.</em></strong></span> <span class='ocrx_word' id='word_1_70' title='bbox 264 1351 295 1405; x_wconf 91' lang='lat' dir='ltr'><strong><em>et</em></strong></span> <span class='ocrx_word' id='word_1_71' title='bbox 326 1346 362 1404; x_wconf 90' lang='lat' dir='ltr'><strong><em>D.</em></strong></span> <span class='ocrx_word' id='word_1_72' title='bbox 382 1348 434 1423; x_wconf 84' lang='lat'><strong><em>45,</em></strong></span> <span class='ocrx_word' id='word_1_73' title='bbox 454 1349 483 1421; x_wconf 86' lang='lat'><strong><em>3,</em></strong></span> <span class='ocrx_word' id='word_1_74' title='bbox 503 1349 558 1421; x_wconf 85' lang='lat'><strong><em>34;</em></strong></span> <span class='ocrx_word' id='word_1_75' title='bbox 594 1346 625 1404; x_wconf 90' lang='lat' dir='ltr'><strong><em>iu</em></strong></span> <span class='ocrx_word' id='word_1_76' title='bbox 657 1345 780 1421; x_wconf 87' lang='lat' dir='ltr'><strong><em>reliquis</em></strong></span> <span class='ocrx_word' id='word_1_77' title='bbox 812 1346 1006 1424; x_wconf 82' lang='lat' dir='ltr'><strong><em>fragmentis,</em></strong></span> <span class='ocrx_word' id='word_1_78' title='bbox 1037 1364 1098 1424; x_wconf 82' lang='lat' dir='ltr'><strong><em>quae</em></strong></span> 
     </span>
     <span class='ocr_line' id='line_1_12' title="bbox 99 1427 1097 1511; baseline -0.001 -17"><span class='ocrx_word' id='word_1_79' title='bbox 99 1453 196 1511; x_wconf 90' lang='lat' dir='ltr'><strong><em>pauea</em></strong></span> <span class='ocrx_word' id='word_1_80' title='bbox 224 1438 307 1511; x_wconf 80' lang='lat' dir='ltr'><strong><em>sunt,</em></strong></span> <span class='ocrx_word' id='word_1_81' title='bbox 337 1435 407 1493; x_wconf 87' lang='lat' dir='ltr'><strong><em>libri</em></strong></span> <span class='ocrx_word' id='word_1_82' title='bbox 436 1429 483 1493; x_wconf 79' lang='lat' dir='ltr'><strong><em>‘ex</em></strong></span> <span class='ocrx_word' id='word_1_83' title='bbox 506 1427 638 1494; x_wconf 77' lang='lat' dir='ltr'><strong><em>PlautIo&#39;</em></strong></span> <span class='ocrx_word' id='word_1_84' title='bbox 662 1434 816 1495; x_wconf 87' lang='lat' dir='ltr'><strong><em>nominant</em></strong></span> <span class='ocrx_word' id='word_1_85' title='bbox 855 1478 862 1492; x_wconf 94' lang='lat'>.</span> <span class='ocrx_word' id='word_1_86' title='bbox 909 1429 958 1495; x_wconf 71' lang='lat' dir='ltr'><strong><em>‘ex</em></strong></span> <span class='ocrx_word' id='word_1_87' title='bbox 981 1428 1097 1495; x_wconf 90' lang='lat' dir='ltr'><strong><em>Plautio&#39;</em></strong></span> 
     </span>
     <span class='ocr_line' id='line_1_13' title="bbox 99 1523 1096 1601; baseline -0.002 -19"><span class='ocrx_word' id='word_1_88' title='bbox 99 1524 193 1582; x_wconf 91' lang='lat' dir='ltr'><strong><em>libros</em></strong></span> <span class='ocrx_word' id='word_1_89' title='bbox 224 1523 285 1581; x_wconf 90' lang='lat' dir='ltr'><strong><em>iam</em></strong></span> <span class='ocrx_word' id='word_1_90' title='bbox 316 1525 406 1583; x_wconf 89' lang='lat' dir='ltr'><strong><em>antea</em></strong></span> <span class='ocrx_word' id='word_1_91' title='bbox 432 1523 575 1592; x_wconf 81' lang='lat' dir='ltr'><strong><em>Neratius</em></strong></span> <span class='ocrx_word' id='word_1_92' title='bbox 608 1527 827 1599; x_wconf 83' lang='lat' dir='ltr'><strong><em>composuerat,</em></strong></span> <span class='ocrx_word' id='word_1_93' title='bbox 859 1543 990 1601; x_wconf 90' lang='lat' dir='ltr'><strong><em>quorum</em></strong></span> <span class='ocrx_word' id='word_1_94' title='bbox 1019 1542 1096 1584; x_wconf 89' lang='lat' dir='ltr'><strong><em>unum</em></strong></span> 
     </span>
     <span class='ocr_line' id='line_1_14' title="bbox 99 1603 1094 1693; baseline 0 -24"><span class='ocrx_word' id='word_1_95' title='bbox 99 1614 220 1671; x_wconf 89' lang='lat' dir='ltr'><strong><em>tantum</em></strong></span> <span class='ocrx_word' id='word_1_96' title='bbox 246 1612 450 1687; x_wconf 83' lang='lat' dir='ltr'><strong><em>fragmentum</em></strong></span> <span class='ocrx_word' id='word_1_97' title='bbox 478 1615 561 1670; x_wconf 83' lang='lat' dir='ltr'><strong><em>extat</em></strong></span> <span class='ocrx_word' id='word_1_98' title='bbox 588 1604 638 1690; x_wconf 83' lang='lat'><em>(1).</em></span> <span class='ocrx_word' id='word_1_99' title='bbox 654 1614 683 1688; x_wconf 83' lang='lat'><strong><em>8,</em></strong></span> <span class='ocrx_word' id='word_1_100' title='bbox 699 1615 727 1688; x_wconf 91' lang='grc'><strong>3,</strong></span> <span class='ocrx_word' id='word_1_101' title='bbox 743 1614 772 1686; x_wconf 84' lang='grc'><strong>5,</strong></span> <span class='ocrx_word' id='word_1_102' title='bbox 789 1603 831 1693; x_wconf 92' lang='grc'><strong><em>1).</em></strong></span> <span class='ocrx_word' id='word_1_103' title='bbox 876 1613 1030 1674; x_wconf 88' lang='lat' dir='ltr'><strong><em>Antonino</em></strong></span> <span class='ocrx_word' id='word_1_104' title='bbox 1053 1611 1094 1670; x_wconf 91' lang='lat' dir='ltr'><strong><em>Pio</em></strong></span> 
     </span>
     <span class='ocr_line' id='line_1_15' title="bbox 96 1696 1094 1777; baseline 0.001 -19"><span class='ocrx_word' id='word_1_105' title='bbox 96 1703 153 1759; x_wconf 86' lang='lat' dir='ltr'><strong><em>aut</em></strong></span> <span class='ocrx_word' id='word_1_106' title='bbox 180 1699 264 1759; x_wconf 88' lang='lat' dir='ltr'><strong><em>Divis</em></strong></span> <span class='ocrx_word' id='word_1_107' title='bbox 296 1701 442 1761; x_wconf 87' lang='lat' dir='ltr'><strong><em>fratribus</em></strong></span> <span class='ocrx_word' id='word_1_108' title='bbox 469 1701 686 1775; x_wconf 85' lang='lat' dir='ltr'><strong><em>imperantibus</em></strong></span> <span class='ocrx_word' id='word_1_109' title='bbox 715 1696 875 1776; x_wconf 76' lang='lat' dir='ltr'><strong><em>(nimitum</em></strong></span> <span class='ocrx_word' id='word_1_110' title='bbox 902 1707 972 1777; x_wconf 88' lang='lat' dir='ltr'><strong><em>post</em></strong></span> <span class='ocrx_word' id='word_1_111' title='bbox 1000 1698 1094 1762; x_wconf 84' lang='lat' dir='ltr'><strong><em>Iuliani</em></strong></span> 
     </span>
     <span class='ocr_line' id='line_1_16' title="bbox 99 1784 1093 1868; baseline 0.002 -23"><span class='ocrx_word' id='word_1_112' title='bbox 99 1786 291 1865; x_wconf 85' lang='lat' dir='ltr'><strong><em>Digestorum</em></strong></span> <span class='ocrx_word' id='word_1_113' title='bbox 317 1789 428 1847; x_wconf 91' lang='lat' dir='ltr'><strong><em>librum</em></strong></span> <span class='ocrx_word' id='word_1_114' title='bbox 451 1789 536 1848; x_wconf 89' lang='lat' dir='ltr'>XLII</span> <span class='ocrx_word' id='word_1_115' title='bbox 563 1785 691 1868; x_wconf 89' lang='lat' dir='ltr'><strong><em>editum)</em></strong></span> <span class='ocrx_word' id='word_1_116' title='bbox 714 1790 896 1865; x_wconf 87' lang='lat' dir='ltr'><strong><em>Pomponius</em></strong></span> <span class='ocrx_word' id='word_1_117' title='bbox 921 1810 1037 1868; x_wconf 89' lang='lat' dir='ltr'><strong><em>quoque</em></strong></span> <span class='ocrx_word' id='word_1_118' title='bbox 1056 1784 1093 1847; x_wconf 81' lang='lat' dir='ltr'><strong><em>‘al</em></strong></span> 
     </span>
     <span class='ocr_line' id='line_1_17' title="bbox 98 1871 1091 1959; baseline 0 -25"><span class='ocrx_word' id='word_1_119' title='bbox 98 1871 263 1935; x_wconf 84' lang='lat' dir='ltr'><strong><em>Plautium’</em></strong></span> <span class='ocrx_word' id='word_1_120' title='bbox 293 1878 341 1937; x_wconf 88' lang='lat' dir='ltr'><strong><em>vel</em></strong></span> <span class='ocrx_word' id='word_1_121' title='bbox 368 1871 417 1936; x_wconf 74' lang='lat' dir='ltr'><strong><em>‘ex</em></strong></span> <span class='ocrx_word' id='word_1_122' title='bbox 438 1873 571 1937; x_wconf 90' lang='lat' dir='ltr'><strong><em>Plautio’</em></strong></span> <span class='ocrx_word' id='word_1_123' title='bbox 594 1878 686 1937; x_wconf 92' lang='lat' dir='ltr'><strong><em>libros</em></strong></span> <span class='ocrx_word' id='word_1_124' title='bbox 710 1879 877 1954; x_wconf 83' lang='lat' dir='ltr'><strong><em>composuit</em></strong></span> <span class='ocrx_word' id='word_1_125' title='bbox 900 1877 961 1937; x_wconf 88' lang='lat' dir='ltr'><strong><em>VH</em></strong></span> <span class='ocrx_word' id='word_1_126' title='bbox 983 1875 1029 1959; x_wconf 91' lang='lat' dir='ltr'><strong><em>(P.</em></strong></span> <span class='ocrx_word' id='word_1_127' title='bbox 1043 1877 1091 1938; x_wconf 84' lang='grc'><strong><em>326</em></strong></span> 
     </span>
     <span class='ocr_line' id='line_1_18' title="bbox 95 1959 1091 2044; baseline -0.003 -20"><span class='ocrx_word' id='word_1_128' title='bbox 95 1959 236 2044; x_wconf 86' lang='lat'><strong>—371);</strong></span> <span class='ocrx_word' id='word_1_129' title='bbox 270 1966 410 2041; x_wconf 84' lang='lat' dir='ltr'><strong><em>donique,</em></strong></span> <span class='ocrx_word' id='word_1_130' title='bbox 442 1970 576 2042; x_wconf 89' lang='lat' dir='ltr'><strong><em>tempore</em></strong></span> <span class='ocrx_word' id='word_1_131' title='bbox 604 1986 664 2026; x_wconf 91' lang='lat' dir='ltr'><strong><em>non</em></strong></span> <span class='ocrx_word' id='word_1_132' title='bbox 694 1967 768 2027; x_wconf 85' lang='lat' dir='ltr'><strong><em>satis</em></strong></span> <span class='ocrx_word' id='word_1_133' title='bbox 796 1968 964 2043; x_wconf 81' lang='lat' dir='ltr'><strong><em>explorato,</em></strong></span> <span class='ocrx_word' id='word_1_134' title='bbox 997 1966 1091 2026; x_wconf 89' lang='lat' dir='ltr'><strong><em>Paulus</em></strong></span> 
     </span>
     <span class='ocr_line' id='line_1_19' title="bbox 98 2047 1091 2136; baseline -0.003 -24"><span class='ocrx_word' id='word_1_135' title='bbox 98 2055 191 2115; x_wconf 88' lang='lat' dir='ltr'><strong><em>libros</em></strong></span> <span class='ocrx_word' id='word_1_136' title='bbox 204 2054 307 2113; x_wconf 88' lang='lat' dir='ltr'><strong>XVIII</strong></span> <span class='ocrx_word' id='word_1_137' title='bbox 327 2047 374 2135; x_wconf 84' lang='lat' dir='ltr'><strong><em>(P.</em></strong></span> <span class='ocrx_word' id='word_1_138' title='bbox 392 2049 633 2136; x_wconf 84' lang='grc'><strong>1071-1246).</strong></span> <span class='ocrx_word' id='word_1_139' title='bbox 672 2055 701 2114; x_wconf 91' lang='lat' dir='ltr'><strong><em>in</em></strong></span> <span class='ocrx_word' id='word_1_140' title='bbox 717 2055 805 2114; x_wconf 91' lang='lat' dir='ltr'><strong><em>Pauli</em></strong></span> <span class='ocrx_word' id='word_1_141' title='bbox 823 2056 871 2114; x_wconf 89' lang='lat' dir='ltr'><strong><em>his</em></strong></span> <span class='ocrx_word' id='word_1_142' title='bbox 890 2057 976 2115; x_wconf 89' lang='lat' dir='ltr'><strong><em>libris</em></strong></span> <span class='ocrx_word' id='word_1_143' title='bbox 989 2058 1091 2133; x_wconf 87' lang='lat' dir='ltr'><strong><em>praeter</em></strong></span> 
     </span>
     <span class='ocr_line' id='line_1_20' title="bbox 98 2137 1089 2224; baseline -0.005 -22"><span class='ocrx_word' id='word_1_144' title='bbox 98 2143 185 2216; x_wconf 79' lang='lat' dir='ltr'><strong><em>alioS,</em></strong></span> <span class='ocrx_word' id='word_1_145' title='bbox 210 2143 345 2219; x_wconf 88' lang='lat' dir='ltr'><strong><em>inprimis</em></strong></span> <span class='ocrx_word' id='word_1_146' title='bbox 368 2143 533 2219; x_wconf 85' lang='lat' dir='ltr'><strong><em>Iulianum,</em></strong></span> <span class='ocrx_word' id='word_1_147' title='bbox 557 2145 720 2203; x_wconf 86' lang='lat' dir='ltr'><strong><em>laudantur</em></strong></span> <span class='ocrx_word' id='word_1_148' title='bbox 742 2144 925 2220; x_wconf 89' lang='lat' dir='ltr'><strong><em>Pomponius</em></strong></span> <span class='ocrx_word' id='word_1_149' title='bbox 950 2137 997 2224; x_wconf 86' lang='lat' dir='ltr'><strong><em>(P.</em></strong></span> <span class='ocrx_word' id='word_1_150' title='bbox 1014 2143 1089 2204; x_wconf 80' lang='lat'>1073.</span> 
     </span>
     <span class='ocr_line' id='line_1_21' title="bbox 101 2225 1089 2314; baseline -0.001 -24"><span class='ocrx_word' id='word_1_151' title='bbox 101 2234 194 2291; x_wconf 80' lang='grc'><strong>1140.</strong></span> <span class='ocrx_word' id='word_1_152' title='bbox 222 2235 315 2291; x_wconf 89' lang='grc'><strong>1142.</strong></span> <span class='ocrx_word' id='word_1_153' title='bbox 342 2235 434 2291; x_wconf 83' lang='grc'><strong>1152,</strong></span> <span class='ocrx_word' id='word_1_154' title='bbox 462 2233 555 2292; x_wconf 88' lang='grc'><strong>1164.</strong></span> <span class='ocrx_word' id='word_1_155' title='bbox 577 2227 676 2310; x_wconf 81' lang='grc'><strong>1239)</strong></span> <span class='ocrx_word' id='word_1_156' title='bbox 701 2236 731 2292; x_wconf 92' lang='lat' dir='ltr'><strong><em>et</em></strong></span> <span class='ocrx_word' id='word_1_157' title='bbox 753 2233 912 2292; x_wconf 84' lang='lat' dir='ltr'><strong><em>Iavolenus</em></strong></span> <span class='ocrx_word' id='word_1_158' title='bbox 937 2227 984 2314; x_wconf 89' lang='lat' dir='ltr'><strong><em>(P.</em></strong></span> <span class='ocrx_word' id='word_1_159' title='bbox 1001 2225 1089 2307; x_wconf 82' lang='grc'><strong>1112),</strong></span> 
     </span>
     <span class='ocr_line' id='line_1_22' title="bbox 96 2319 1088 2398; baseline -0.002 -20"><span class='ocrx_word' id='word_1_160' title='bbox 96 2321 150 2378; x_wconf 89' lang='lat' dir='ltr'><strong><em>sed</em></strong></span> <span class='ocrx_word' id='word_1_161' title='bbox 182 2321 239 2396; x_wconf 83' lang='lat' dir='ltr'><strong><em>ita,</em></strong></span> <span class='ocrx_word' id='word_1_162' title='bbox 266 2325 302 2379; x_wconf 93' lang='lat' dir='ltr'><strong><em>ut</em></strong></span> <span class='ocrx_word' id='word_1_163' title='bbox 333 2340 482 2398; x_wconf 89' lang='lat' dir='ltr'><strong><em>nusquam</em></strong></span> <span class='ocrx_word' id='word_1_164' title='bbox 513 2321 671 2396; x_wconf 91' lang='lat' dir='ltr'><strong><em>Pomponii</em></strong></span> <span class='ocrx_word' id='word_1_165' title='bbox 703 2325 756 2379; x_wconf 88' lang='lat' dir='ltr'><strong><em>aut</em></strong></span> <span class='ocrx_word' id='word_1_166' title='bbox 787 2322 922 2381; x_wconf 79' lang='lat' dir='ltr'><strong><em>Iauoleni</em></strong></span> <span class='ocrx_word' id='word_1_167' title='bbox 956 2341 1027 2398; x_wconf 93' lang='lat' dir='ltr'><strong><em>opus</em></strong></span> <span class='ocrx_word' id='word_1_168' title='bbox 1054 2319 1088 2377; x_wconf 90' lang='lat' dir='ltr'><strong><em>de·</em></strong></span> 
     </span>
     <span class='ocr_line' id='line_1_23' title="bbox 98 2409 1088 2488; baseline -0.002 -22"><span class='ocrx_word' id='word_1_169' title='bbox 98 2409 247 2486; x_wconf 67' lang='lat' dir='ltr'><strong><em>signatum</em></strong></span> <span class='ocrx_word' id='word_1_170' title='bbox 280 2411 309 2467; x_wconf 91' lang='lat' dir='ltr'><strong><em>in</em></strong></span> <span class='ocrx_word' id='word_1_171' title='bbox 338 2410 493 2484; x_wconf 87' lang='lat' dir='ltr'><strong><em>Pomponii</em></strong></span> <span class='ocrx_word' id='word_1_172' title='bbox 525 2429 595 2470; x_wconf 83' lang='lat' dir='ltr'><strong><em>vero</em></strong></span> <span class='ocrx_word' id='word_1_173' title='bbox 628 2410 675 2468; x_wconf 90' lang='lat' dir='ltr'><strong><em>his</em></strong></span> <span class='ocrx_word' id='word_1_174' title='bbox 707 2410 791 2468; x_wconf 89' lang='lat' dir='ltr'><strong><em>libris</em></strong></span> <span class='ocrx_word' id='word_1_175' title='bbox 819 2411 957 2470; x_wconf 90' lang='lat' dir='ltr'><strong><em>Iulianus</em></strong></span> <span class='ocrx_word' id='word_1_176' title='bbox 990 2409 1088 2488; x_wconf 86' lang='lat' dir='ltr'><strong><em>quidem</em></strong></span> 
     </span>
     <span class='ocr_line' id='line_1_24' title="bbox 95 2497 1088 2574; baseline -0.003 -19"><span class='ocrx_word' id='word_1_177' title='bbox 95 2498 251 2573; x_wconf 82' lang='lat' dir='ltr'><strong><em>laudatur,</em></strong></span> <span class='ocrx_word' id='word_1_178' title='bbox 285 2497 335 2556; x_wconf 90' lang='lat' dir='ltr'><strong><em>sed</em></strong></span> <span class='ocrx_word' id='word_1_179' title='bbox 368 2517 515 2574; x_wconf 87' lang='lat' dir='ltr'><strong><em>nusquam</em></strong></span> <span class='ocrx_word' id='word_1_180' title='bbox 547 2498 716 2557; x_wconf 87' lang='lat' dir='ltr'><strong><em>Iavolenus.</em></strong></span> <span class='ocrx_word' id='word_1_181' title='bbox 770 2499 801 2556; x_wconf 89' lang='lat' dir='ltr'><strong><em>in</em></strong></span> <span class='ocrx_word' id='word_1_182' title='bbox 832 2499 952 2559; x_wconf 90' lang='lat' dir='ltr'><strong><em>Neratii</em></strong></span> <span class='ocrx_word' id='word_1_183' title='bbox 983 2500 1088 2574; x_wconf 88' lang='lat' dir='ltr'><strong><em>denique</em></strong></span> 
     </span>
     <span class='ocr_line' id='line_1_25' title="bbox 97 2585 1087 2663; baseline -0.004 -21"><span class='ocrx_word' id='word_1_184' title='bbox 97 2587 148 2645; x_wconf 90' lang='lat' dir='ltr'><strong><em>illo</em></strong></span> <span class='ocrx_word' id='word_1_185' title='bbox 181 2588 349 2663; x_wconf 85' lang='lat' dir='ltr'><strong><em>fragmento</em></strong></span> <span class='ocrx_word' id='word_1_186' title='bbox 377 2588 552 2646; x_wconf 81' lang='lat' dir='ltr'><strong><em>Iauolenum</em></strong></span> <span class='ocrx_word' id='word_1_187' title='bbox 585 2606 644 2646; x_wconf 91' lang='lat' dir='ltr'><strong><em>non</em></strong></span> <span class='ocrx_word' id='word_1_188' title='bbox 676 2587 794 2645; x_wconf 86' lang='lat' dir='ltr'><strong><em>laudari</em></strong></span> <span class='ocrx_word' id='word_1_189' title='bbox 826 2587 938 2646; x_wconf 90' lang='lat' dir='ltr'><strong><em>mirum</em></strong></span> <span class='ocrx_word' id='word_1_190' title='bbox 967 2608 1024 2647; x_wconf 89' lang='lat' dir='ltr'><strong><em>non</em></strong></span> <span class='ocrx_word' id='word_1_191' title='bbox 1048 2585 1087 2644; x_wconf 85' lang='lat' dir='ltr'><strong><em>est.</em></strong></span> 
     </span>
     <span class='ocr_line' id='line_1_26' title="bbox 96 2675 1087 2752; baseline 0.004 -22"><span class='ocrx_word' id='word_1_192' title='bbox 96 2675 198 2748; x_wconf 90' lang='lat' dir='ltr'><strong><em>itaque</em></strong></span> <span class='ocrx_word' id='word_1_193' title='bbox 227 2695 294 2733; x_wconf 86' lang='lat' dir='ltr'><strong><em>oum</em></strong></span> <span class='ocrx_word' id='word_1_194' title='bbox 318 2695 353 2733; x_wconf 85' lang='lat' dir='ltr'><strong><em>ex</em></strong></span> <span class='ocrx_word' id='word_1_195' title='bbox 376 2675 510 2734; x_wconf 76' lang='lat' dir='ltr'><strong><em>Iauoleni</em></strong></span> <span class='ocrx_word' id='word_1_196' title='bbox 533 2675 618 2734; x_wconf 90' lang='lat' dir='ltr'><strong><em>libris</em></strong></span> <span class='ocrx_word' id='word_1_197' title='bbox 641 2676 669 2733; x_wconf 96' lang='lat' dir='ltr'><strong>V</strong></span> <span class='ocrx_word' id='word_1_198' title='bbox 691 2694 727 2733; x_wconf 91' lang='lat' dir='ltr'><strong><em>no</em></strong></span> <span class='ocrx_word' id='word_1_199' title='bbox 751 2676 861 2750; x_wconf 84' lang='lat' dir='ltr'><strong><em>viginti</em></strong></span> <span class='ocrx_word' id='word_1_200' title='bbox 884 2676 1005 2752; x_wconf 92' lang='lat' dir='ltr'><strong><em>quidem</em></strong></span> <span class='ocrx_word' id='word_1_201' title='bbox 1026 2676 1087 2748; x_wconf 77' lang='lat' dir='ltr'><strong><em>frag·</em></strong></span> 
     </span>
     <span class='ocr_line' id='line_1_27' title="bbox 97 2762 1087 2842; baseline 0 -24"><span class='ocrx_word' id='word_1_202' title='bbox 97 2765 206 2836; x_wconf 87' lang='lat' dir='ltr'><strong><em>monta,</em></strong></span> <span class='ocrx_word' id='word_1_203' title='bbox 228 2764 312 2822; x_wconf 86' lang='lat' dir='ltr'><strong><em>tertii</em></strong></span> <span class='ocrx_word' id='word_1_204' title='bbox 331 2768 361 2821; x_wconf 91' lang='lat' dir='ltr'><strong><em>et</em></strong></span> <span class='ocrx_word' id='word_1_205' title='bbox 380 2765 478 2839; x_wconf 90' lang='lat' dir='ltr'><strong><em>quarti</em></strong></span> <span class='ocrx_word' id='word_1_206' title='bbox 498 2764 566 2821; x_wconf 91' lang='lat' dir='ltr'><strong><em>libri</em></strong></span> <span class='ocrx_word' id='word_1_207' title='bbox 586 2764 664 2842; x_wconf 77' lang='lat' dir='ltr'><strong><em>bina,</em></strong></span> <span class='ocrx_word' id='word_1_208' title='bbox 684 2764 781 2840; x_wconf 88' lang='lat' dir='ltr'><strong><em>quinti</em></strong></span> <span class='ocrx_word' id='word_1_209' title='bbox 799 2785 891 2822; x_wconf 90' lang='lat' dir='ltr'><strong><em>unum</em></strong></span> <span class='ocrx_word' id='word_1_210' title='bbox 912 2767 1023 2824; x_wconf 89' lang='lat' dir='ltr'><strong><em>tradita</em></strong></span> <span class='ocrx_word' id='word_1_211' title='bbox 1036 2762 1087 2831; x_wconf 86' lang='lat' dir='ltr'><strong><em>siut,</em></strong></span> 
     </span>
     <span class='ocr_line' id='line_1_28' title="bbox 97 2850 1087 2930; baseline 0.002 -24"><span class='ocrx_word' id='word_1_212' title='bbox 97 2850 243 2908; x_wconf 90' lang='lat' dir='ltr'><strong><em>librorum</em></strong></span> <span class='ocrx_word' id='word_1_213' title='bbox 266 2852 380 2911; x_wconf 88' lang='lat' dir='ltr'><strong><em>indoles</em></strong></span> <span class='ocrx_word' id='word_1_214' title='bbox 404 2872 511 2928; x_wconf 90' lang='lat' dir='ltr'><strong><em>parum</em></strong></span> <span class='ocrx_word' id='word_1_215' title='bbox 536 2853 733 2929; x_wconf 83' lang='lat' dir='ltr'><strong><em>eognosoilur.</em></strong></span> <span class='ocrx_word' id='word_1_216' title='bbox 773 2853 849 2911; x_wconf 93' lang='lat' dir='ltr'><strong><em>illud</em></strong></span> <span class='ocrx_word' id='word_1_217' title='bbox 873 2859 954 2912; x_wconf 85' lang='lat' dir='ltr'><strong><em>certe</em></strong></span> <span class='ocrx_word' id='word_1_218' title='bbox 973 2850 1087 2930; x_wconf 81' lang='lat' dir='ltr'><strong><em>apparel,</em></strong></span> 
     </span>
     <span class='ocr_line' id='line_1_29' title="bbox 95 2928 1086 3021; baseline 0.002 -25"><span class='ocrx_word' id='word_1_219' title='bbox 95 2938 270 2997; x_wconf 77' lang='lat' dir='ltr'><strong><em>Iauolenum</em></strong></span> <span class='ocrx_word' id='word_1_220' title='bbox 302 2960 361 3000; x_wconf 89' lang='lat' dir='ltr'><strong><em>non</em></strong></span> <span class='ocrx_word' id='word_1_221' title='bbox 393 2941 479 3000; x_wconf 91' lang='lat' dir='ltr'><strong><em>modo</em></strong></span> <span class='ocrx_word' id='word_1_222' title='bbox 507 2941 618 2999; x_wconf 91' lang='lat' dir='ltr'><strong><em>Plautii</em></strong></span> <span class='ocrx_word' id='word_1_223' title='bbox 651 2941 814 3000; x_wconf 88' lang='lat' dir='ltr'><strong><em>sententias</em></strong></span> <span class='ocrx_word' id='word_1_224' title='bbox 841 2943 996 3002; x_wconf 88' lang='lat' dir='ltr'><strong><em>rettulisse</em></strong></span> <span class='ocrx_word' id='word_1_225' title='bbox 1022 2928 1086 3021; x_wconf 80' lang='lat' dir='ltr'><strong><em>(‘aii&#39;</em></strong></span> 
     </span>
     <span class='ocr_line' id='line_1_30' title="bbox 95 3022 1086 3106; baseline 0.002 -22"><span class='ocrx_word' id='word_1_226' title='bbox 95 3026 132 3085; x_wconf 92' lang='lat' dir='ltr'><strong><em>D.</em></strong></span> <span class='ocrx_word' id='word_1_227' title='bbox 149 3029 199 3102; x_wconf 90' lang='grc'><strong><em>12,</em></strong></span> <span class='ocrx_word' id='word_1_228' title='bbox 216 3031 243 3103; x_wconf 86' lang='grc'><strong>6,</strong></span> <span class='ocrx_word' id='word_1_229' title='bbox 260 3031 287 3098; x_wconf 86' lang='grc'><strong>4,</strong></span> <span class='ocrx_word' id='word_1_230' title='bbox 312 3029 390 3104; x_wconf 89' lang='lat' dir='ltr'><strong><em>quod</em></strong></span> <span class='ocrx_word' id='word_1_231' title='bbox 413 3031 537 3088; x_wconf 83' lang='lat' dir='ltr'><strong><em>verbum</em></strong></span> <span class='ocrx_word' id='word_1_232' title='bbox 560 3030 598 3087; x_wconf 93' lang='lat' dir='ltr'><strong><em>ad</em></strong></span> <span class='ocrx_word' id='word_1_233' title='bbox 620 3030 773 3088; x_wconf 88' lang='lat' dir='ltr'><strong><em>Plautium</em></strong></span> <span class='ocrx_word' id='word_1_234' title='bbox 796 3031 908 3089; x_wconf 83' lang='lat' dir='ltr'><strong><em>referre</em></strong></span> <span class='ocrx_word' id='word_1_235' title='bbox 932 3025 1026 3106; x_wconf 84' lang='lat' dir='ltr'><strong><em>lieet),</em></strong></span> <span class='ocrx_word' id='word_1_236' title='bbox 1048 3022 1086 3086; x_wconf 81' lang='lat' dir='ltr'><strong><em>sed</em></strong></span> 
     </span>
     <span class='ocr_line' id='line_1_31' title="bbox 93 3103 1085 3198; baseline -0.001 -25"><span class='ocrx_word' id='word_1_237' title='bbox 93 3135 165 3174; x_wconf 87' lang='lat' dir='ltr'><strong><em>suas</em></strong></span> <span class='ocrx_word' id='word_1_238' title='bbox 203 3134 319 3192; x_wconf 93' lang='lat' dir='ltr'><strong><em>quoque</em></strong></span> <span class='ocrx_word' id='word_1_239' title='bbox 352 3118 499 3176; x_wconf 86' lang='lat' dir='ltr'><strong><em>addidisse</em></strong></span> <span class='ocrx_word' id='word_1_240' title='bbox 532 3111 644 3198; x_wconf 69' lang='lat' dir='ltr'><strong><em>(‘puto’</em></strong></span> <span class='ocrx_word' id='word_1_241' title='bbox 672 3119 708 3177; x_wconf 91' lang='lat' dir='ltr'><strong><em>D.</em></strong></span> <span class='ocrx_word' id='word_1_242' title='bbox 729 3121 779 3195; x_wconf 91' lang='grc'><strong>23,</strong></span> <span class='ocrx_word' id='word_1_243' title='bbox 799 3122 828 3193; x_wconf 86' lang='grc'><strong>3,</strong></span> <span class='ocrx_word' id='word_1_244' title='bbox 848 3123 900 3180; x_wconf 82' lang='grc'><strong><em>47.</em></strong></span> <span class='ocrx_word' id='word_1_245' title='bbox 947 3103 1085 3178; x_wconf 76' lang='lat' dir='ltr'><strong><em>‘existimo’</em></strong></span> 
     </span>
     <span class='ocr_line' id='line_1_32' title="bbox 95 3204 1084 3284; baseline 0.005 -22"><span class='ocrx_word' id='word_1_246' title='bbox 95 3205 131 3263; x_wconf 89' lang='grc' dir='ltr'><strong><em>Ι).</em></strong></span> <span class='ocrx_word' id='word_1_247' title='bbox 147 3207 243 3281; x_wconf 84' lang='grc'><strong>41,4,</strong></span> <span class='ocrx_word' id='word_1_248' title='bbox 258 3204 293 3282; x_wconf 83' lang='grc'><strong><em>4)</em></strong></span> <span class='ocrx_word' id='word_1_249' title='bbox 323 3211 353 3263; x_wconf 86' lang='lat' dir='ltr'><strong><em>et</em></strong></span> <span class='ocrx_word' id='word_1_250' title='bbox 380 3208 424 3264; x_wconf 87' lang='lat' dir='ltr'><strong><em>ita</em></strong></span> <span class='ocrx_word' id='word_1_251' title='bbox 447 3207 578 3282; x_wconf 85' lang='lat' dir='ltr'><strong><em>quidem,</em></strong></span> <span class='ocrx_word' id='word_1_252' title='bbox 607 3210 641 3264; x_wconf 90' lang='lat' dir='ltr'><strong><em>ut</em></strong></span> <span class='ocrx_word' id='word_1_253' title='bbox 664 3227 879 3284; x_wconf 89' lang='lat' dir='ltr'><strong><em>nonnunquam</em></strong></span> <span class='ocrx_word' id='word_1_254' title='bbox 902 3207 1033 3267; x_wconf 85' lang='lat' dir='ltr'><strong><em>Cassium</em></strong></span> <span class='ocrx_word' id='word_1_255' title='bbox 1052 3220 1084 3261; x_wconf 76' lang='lat' dir='ltr'><strong><em>se·</em></strong></span> 
     </span>
     <span class='ocr_line' id='line_1_33' title="bbox 94 3279 1083 3371; baseline -0.001 -21"><span class='ocrx_word' id='word_1_256' title='bbox 94 3297 238 3368; x_wconf 87' lang='lat' dir='ltr'><strong><em>queretur</em></strong></span> <span class='ocrx_word' id='word_1_257' title='bbox 261 3287 407 3371; x_wconf 57' lang='lat' dir='ltr'><strong><em>(Cassius</em></strong></span> <span class='ocrx_word' id='word_1_258' title='bbox 431 3296 475 3353; x_wconf 87' lang='lat' dir='ltr'><strong><em>ait</em></strong></span> <span class='ocrx_word' id='word_1_259' title='bbox 494 3341 521 3354; x_wconf 94' lang='lat'><strong><em>..</em></strong></span> <span class='ocrx_word' id='word_1_260' title='bbox 542 3296 660 3355; x_wconf 87' lang='lat' dir='ltr'><strong><em>Paulus.</em></strong></span> <span class='ocrx_word' id='word_1_261' title='bbox 703 3297 781 3354; x_wconf 89' lang='lat' dir='ltr'><strong><em>idem</em></strong></span> <span class='ocrx_word' id='word_1_262' title='bbox 805 3297 966 3356; x_wconf 87' lang='lat' dir='ltr'><strong><em>Iavolenus</em></strong></span> <span class='ocrx_word' id='word_1_263' title='bbox 989 3279 1083 3355; x_wconf 86' lang='lat' dir='ltr'><strong><em>soribit&#39;</em></strong></span> 
     </span>
     <span class='ocr_line' id='line_1_34' title="bbox 94 3375 301 3460; baseline 0.014 -23"><span class='ocrx_word' id='word_1_264' title='bbox 94 3380 130 3439; x_wconf 82' lang='lat' dir='ltr'><strong><em>D.</em></strong></span> <span class='ocrx_word' id='word_1_265' title='bbox 147 3385 196 3456; x_wconf 82' lang='lat' dir='ltr'><strong><em>er,</em></strong></span> <span class='ocrx_word' id='word_1_266' title='bbox 213 3386 241 3457; x_wconf 79' lang='lat' dir='ltr'><strong><em>r,</em></strong></span> <span class='ocrx_word' id='word_1_267' title='bbox 257 3375 301 3460; x_wconf 82' lang='lat' dir='ltr'><strong><em>a).</em></strong></span> 
     </span>
    </p>

    <p class='ocr_par' dir='ltr' id='par_1_7' title="bbox 93 3470 1081 3643">
     <span class='ocr_line' id='line_1_35' title="bbox 183 3470 1081 3551; baseline -0.002 -23"><span class='ocrx_word' id='word_1_268' title='bbox 183 3470 372 3546; x_wconf 89' lang='lat' dir='ltr'><strong><em>Argumenta</em></strong></span> <span class='ocrx_word' id='word_1_269' title='bbox 408 3471 542 3546; x_wconf 87' lang='lat' dir='ltr'><strong><em>priorum</em></strong></span> <span class='ocrx_word' id='word_1_270' title='bbox 576 3474 695 3531; x_wconf 85' lang='lat' dir='ltr'><strong><em>tentum</em></strong></span> <span class='ocrx_word' id='word_1_271' title='bbox 732 3473 877 3532; x_wconf 89' lang='lat' dir='ltr'><strong><em>librorum</em></strong></span> <span class='ocrx_word' id='word_1_272' title='bbox 916 3474 1081 3551; x_wconf 79' lang='lat' dir='ltr'><strong><em>aliquatenus</em></strong></span> 
     </span>
     <span class='ocr_line' id='line_1_36' title="bbox 93 3546 1080 3643; baseline 0.004 -29"><span class='ocrx_word' id='word_1_273' title='bbox 93 3561 327 3634; x_wconf 81' lang='lat' dir='ltr'><strong><em>cognoscuntur:</em></strong></span> <span class='ocrx_word' id='word_1_274' title='bbox 356 3559 452 3634; x_wconf 88' lang='lat' dir='ltr'><strong><em>primo</em></strong></span> <span class='ocrx_word' id='word_1_275' title='bbox 480 3562 556 3619; x_wconf 89' lang='lat' dir='ltr'><strong><em>libro</em></strong></span> <span class='ocrx_word' id='word_1_276' title='bbox 580 3561 740 3621; x_wconf 85' lang='lat' dir='ltr'><strong><em>Iavolenus</em></strong></span> <span class='ocrx_word' id='word_1_277' title='bbox 769 3556 820 3643; x_wconf 90' lang='lat' dir='ltr'><strong><em>(de</em></strong></span> <span class='ocrx_word' id='word_1_278' title='bbox 847 3562 1028 3623; x_wconf 85' lang='lat' dir='ltr'><strong><em>testamentis</em></strong></span> <span class='ocrx_word' id='word_1_279' title='bbox 1047 3546 1080 3628; x_wconf 75' lang='lat' dir='ltr'><strong><em>el)</em></strong></span> 
     </span>
    </p>
   </div>
   <div class='ocr_carea' id='block_1_5' title="bbox 0 0 1216 3976">
    <p class='ocr_par' dir='ltr' id='par_1_8' title="bbox 0 0 1216 3976">
     <span class='ocr_line' id='line_1_37' title="bbox 0 0 1216 3976; baseline 0 6"><span class='ocrx_word' id='word_1_280' title='bbox 0 0 1216 3976; x_wconf 95' lang='lat' dir='ltr'><strong><em> </em></strong></span> 
     </span>
    </p>
   </div>
  </div>
 </body>
</html>
