2422 3976
264 163 291 213 4.
309 156 494 214 PLAUTIUS.
514 188 547 199 ·-
566 163 591 212 1.
610 156 780 214 AUPIDIUS
800 157 905 214 cums
1036 159 1100 223 237

103 319 201 388 Nerva
215 319 392 388 Atilicinus
410 321 511 406 aiunt,
530 320 676 406 quamvis
695 322 729 386 id
747 322 935 387 mandatum
954 322 994 387 ad
1012 325 1103 388 tuam

103 431 160 477 rem
180 411 351 496 pertineat

295 570 334 638 Sa·
353 570 482 653 famiae
501 571 624 652 fartam
643 571 750 652 fonsae
771 573 895 637 dicetur.

181 677 233 743 59.
255 675 296 742 D.
311 677 342 761 9,
354 677 386 757 4,
401 677 453 742 31.
488 676 610 742 Ρ11111
628 677 712 742 libro
732 678 870 761 septimo
886 678 926 742 sd
939 678 1103 745 Plautium

108 759 147 850 (P.
165 762 275 854 1142).
302 802 340 812 -
366 763 459 841 Quod
487 766 534 831 ait
562 769 705 849 praetor,
732 787 805 831 cum
831 766 956 832 familia
982 767 1104 832 furtum

55 906 59 933 ,
109 852 205 938 iaciat,
235 855 277 921 ad
300 877 373 920 eum
396 854 527 919 modum
551 876 585 919 se
609 855 769 920 actionem
792 855 953 940 daturum,
976 859 1012 920 ut
1034 859 1103 919 tan·

55 938 59 1047 Ξ
109 944 165 1008 tum
186 947 277 1010 actor
300 947 530 1045 consequatur,
553 948 712 1029 quantum
735 945 764 1009 si
787 944 871 1046 liber
893 945 1008 1046 fuisset
1030 965 1105 1009 con·

55 1062 61 1145 l
111 1033 1105 1203 131111111113111111111111113118111161

55 1154 60 1201 ¹
113 1226 142 1272 cx
151 1143 259 1293 gratiis
273 1231 377 1275 noxae
392 1210 573 1276 deditorum
588 1210 720 1295 duplum
734 1172 916 1296 colligatur,
933 1145 1105 1296 seiluentes

114 1298 238 1364 aeones
261 1299 479 1365 inhibeantur.
520 1297 661 1365 Sabinus
683 1303 717 1365 et
739 1295 871 1365 Cassius
894 1303 1012 1384 putant
1034 1321 1105 1383 pre-

113 1381 178 1451 tium
198 1409 327 1474 quoque
349 1409 452 1453 noxae
476 1388 658 1454 deditorum
680 1387 836 1473 imputari
859 1388 982 1455 debera.

248 1565 299 1634 De
320 1566 469 1632 bonorum
485 1568 674 1650 possessione
691 1572 798 1632 contro
821 1567 949 1632 1111111.

184 1673 247 1738 60?
270 1672 311 1738 D.
325 1673 378 1754 37,
394 1673 445 1756 12,
459 1673 489 1738 3.
516 1672 636 1738 Paulus
654 1673 740 1739 libro
755 1676 870 1738 octavo
885 1673 925 1737 ad
939 1672 1106 1738 Plautium

115 1749 151 1839 (P.
164 1761 272 1847 1150).
297 1797 335 1808 -
361 1760 525 1827 Paconius
549 1763 607 1827 ait:
631 1764 658 1826 si
681 1766 792 1846 turpes
815 1784 983 1846 personas,
1006 1762 1107 1827 veluti

115 1851 309 1934 meretricem,
346 1872 365 1915 a
401 1854 535 1935 parente
570 1851 791 1935 emancipatus
825 1855 858 1915 et
889 1852 1105 1916 manumissus

114 1928 226 2004 heredes
264 1938 409 2022 fecisset,
448 1943 593 2004 totorum
630 1940 788 2005 bonorum
827 1943 941 2005 contre
976 1940 1105 2005 tabulas

112 2029 257 2103 possessio
279 2028 408 2111 parenti
431 2028 534 2093 datur.

184 2121 306 2182 Paeonii
342 2123 496 2186 ,sententia
537 2123 664 2182 fortasse
706 2142 724 2181 a
760 2123 881 2182 Plautio
918 2123 1015 2181 relata
1051 2125 1106 2182 111.

111 2201 230 2288 Ilmeger
252 2231 282 2287 p.
297 2212 370 2271 157.

439 2313 488 2378 De
510 2315 624 2378 amno
647 2313 765 2394 infecto.

184 2420 237 2485 61.
264 2418 303 2484 D.
322 2419 375 2496 39,
394 2419 423 2502 2,
440 2418 536 2500 22,1.
581 2417 671 2482 Idem
700 2417 756 2505 (sc.
780 2418 914 2503 Paulus)
941 2418 1025 2482 libro
1055 2418 1106 2481 de·

107 2504 179 2573 timo
208 2508 249 2573 ad
270 2507 436 2573 Plautium
459 2505 508 2594 (P.
531 2504 640 2596 1179).
664 2545 705 2554 -
729 2507 884 2572 Plautius.
931 2504 966 2571 si
994 2507 1035 2570 ab
1060 2528 1107 2591 eo,

106 2614 190 2678 quem
223 2597 391 2663 dominum
424 2617 494 2661 esse
526 2617 693 2682 negarem,
724 2596 840 2660 vellem
874 2596 934 2660 sub
965 2596 1026 2661 hac
1054 2618 1107 2660 ex·

105 2686 245 2771 ceptione
269 2685 310 2750 ‘si
333 2685 482 2751 dominus
506 2708 571 2751 non
595 2684 690 2750 esset'
715 2684 876 2768 satisdari,
899 2686 939 2750 ab
964 2706 1001 2750 co
1021 2707 1106 2770 vero,

103 2792 192 2858 quem
211 2774 379 2839 dominum
398 2795 468 2839 esse
487 2774 634 2858 dicerem,
651 2796 730 2858 pure
747 2774 940 2860 repromitti,
958 2775 1108 2840 constitit

102 2882 162 2928 non
191 2863 308 2928 debere
335 2884 387 2928 me
415 2862 602 2947 impetrare,
631 2864 686 2927 sed
715 2863 830 2928 debere
854 2886 904 2928 me
928 2864 1060 2949 eligere,
1087 2886 1106 2928 a

101 2971 159 3036 quo
184 2951 281 3017 velim
304 2952 385 3016 mihi
408 2952 522 3016 caveri.

374 3197 414 3280 5.
441 3203 664 3277 AUPIDIUS
692 3203 832 3277 OHIUS

184 3347 360 3409 Flauiorum
389 3348 497 3408 aetatis
529 3349 605 3409 iuris
637 3347 752 3424 peritus
783 3348 916 3408 moribus
943 3348 1107 3406 infamatus

97 3428 243 3519 (Martial
259 3439 354 3516 5,61,
370 3440 411 3498 10
434 3431 544 3497 ‘acrior
561 3431 629 3497 hoo'
648 3469 689 3479 —
710 3437 886 3497 describitur
905 3439 1003 3495 autem
1024 3455 1050 3494 a.
1065 3437 1106 3495 89

97 3528 276 3604 procurator
294 3526 452 3586 ‘cniusdam
470 3526 613 3600 mulieris,
633 3526 750 3604 quires
769 3527 879 3599 uxoris,
896 3525 987 3584 immo
1007 3524 1108 3584 mariti
