2422 3976
198 200 235 259 IL
252 200 495 258 INOERTORUM
513 202 744 259 scurnum
762 206 809 259 ΕΤ
826 204 933 260 LIBRI.
1006 206 1072 270 539

57 416 112 432 ...
131 364 167 429 in
190 364 355 449 superiore
374 362 432 451 (sc.
450 363 571 452 speeie)
590 370 666 431 sunt
684 368 740 451 qui
757 372 876 451 putant
894 369 1072 455 cogendum

54 453 254 539 legatarium
287 454 445 519 redimere
472 476 614 539 servum,
647 459 680 519 et
707 478 741 521 ee
768 457 860 520 oneri
886 457 1071 542 subiecisse,

53 542 136 607 dum
159 541 278 627 accipit
301 543 353 608 vel
376 542 577 609 dodrantem.

391 691 438 749 Dc
459 692 614 764 usufructu
636 692 735 765 leuato.

146 790 200 855 33.
230 788 316 869 ΙΝ,
333 791 361 873 1,
376 790 431 875 15,
445 792 475 856 6.
514 790 674 876 Ulpianus
697 791 781 857 libro
805 797 919 857 octavo
943 793 1068 860 decimo

55 878 97 945 ad
117 876 284 945 Sabinum.
302 915 347 925 —
364 878 578 965 Proprietatia
603 880 751 945 dominus
776 902 840 945 non
862 880 992 946 debebit
1010 884 1069 948 im-

54 966 168 1055 pedire
199 967 412 1032 fructuarium
444 969 492 1033 ita
521 973 678 1050 utentem,
707 991 748 1033 ne
782 968 986 1056 deteriorem¹
1002 973 1069 1037 eius

55 1056 280 1125 condicionem
311 1055 419 1122 faciat.
471 1057 509 1122 de
542 1055 734 1141 quibusdem
766 1059 862 1142 plane
895 1060 1069 1143 dubitatur,

56 1146 178 1211 eieum
196 1146 246 1209 uti
264 1144 449 1229 prohibeat,
473 1169 514 1210 an
533 1146 602 1211 iure
620 1145 653 1210 id
672 1147 782 1226 faciat,
806 1155 841 1211 ut
859 1152 937 1230 puta
956 1148 1069 1234 doleis,

54 1234 86 1299 si
106 1233 195 1300 forte
217 1232 308 1298 fundi
332 1256 408 1299 usus
432 1235 555 1299 fructus
579 1234 623 1298 sit
645 1234 780 1318 legatus,
805 1239 838 1299 et
860 1241 976 1318 putant
999 1238 1068 1320 qui-

54 1323 148 1407 dam,
170 1322 232 1387 etsi
256 1321 386 1388 defossa
409 1323 488 1405 sint,
509 1324 558 1388 uti
580 1323 825 1408 prohibendum.
868 1324 953 1388 idem
978 1330 1010 1390 et
1033 1327 1066 1389 in

56 1410 151 1477 seriis
175 1414 208 1475 et
231 1410 265 1475 in
289 1412 400 1495 cuppis
424 1415 457 1476 et
479 1412 514 1476 in
537 1412 702 1496 amphoris
725 1417 853 1496 putant3
877 1413 960 1477 idem
980 1417 1013 1478 et
1033 1414 1067 1478 in

56 1500 286 1585 specularibus,
309 1501 337 1564 si
360 1500 475 1565 domus
498 1523 576 1565 usus
599 1501 723 1565 fructus
747 1501 882 1586 legetur.

146 1588 200 1655 38.
227 1587 267 1654 D.
285 1588 344 1672 50,
365 1589 420 1670 16,
438 1590 481 1654 30
490 1612 537 1673 pr.
594 1587 694 1654 Gaius
731 1590 815 1654 libro
852 1591 991 1675 septimo
1029 1591 1068 1655 ad

54 1677 196 1743 edictum
222 1677 430 1761 provinciale.
452 1715 490 1724 —·
517 1676 605 1742 Silva
627 1679 748 1743 caedua
778 1683 841 1761 cst,
870 1687 906 1743 ut
937 1680 1067 1764 quidam

55 1769 182 1851 putant,
205 1787 288 1851 quae
311 1767 344 1830 in
367 1767 430 1831 hoc
452 1767 603 1840 habetur.
626 1770 664 1831 ut
686 1767 879 1832 caederetur.

145 1854 200 1921 39.
226 1852 301 1919 Vat.
319 1855 357 1918 fr.
374 1854 424 1920 75.
466 1854 556 1939 (Ulp.
579 1857 619 1921 ad
643 1852 741 1941 San).
761 1893 802 1903 -
822 1856 913 1921 Idem
936 1854 993 1943 (so.
1017 1857 1068 1922 Iu·

54 1940 180 2029 lienus)
212 1941 257 2007 ait
289 1947 322 2008 et
348 1944 375 2008 si
404 1944 565 2009 communi
592 1966 684 2008 servo
713 1949 746 2008 et
774 1947 948 2028 separatim
977 1945 1065 2012 Titio

55 2053 135 2097 usus
157 2032 281 2096 fructus
304 2032 430 2116 legatus
454 2034 505 2117 sit,
528 2034 681 2097 amissam
701 2038 827 2116 partem
845 2034 1066 2100 ususfructus

55 2142 123 2185 non
147 2120 187 2185 ad
210 2120 340 2205 litium,
364 2120 419 2184 sed
443 2121 482 2185 ad
507 2122 611 2186 solum
632 2121 754 2185 socium
772 2122 933 2206 pertinere
953 2122 1067 2188 debere

55 2208 151 2295 quasi
177 2209 282 2274 solum
305 2210 510 2275 coniunctum
608 2209 807 2294 Pomponius
830 2211 877 2274 ait
976 2233 1069 2294 quoe·

54 2298 131 2362 dam
164 2318 234 2361 esee
267 2298 301 2361 in
330 2297 489 2363 diversam
523 2298 720 2384 opinionem3
752 2320 811 2363 nec
843 2300 929 2363 enim
962 2302 1068 2385 magis

56 2386 144 2452 socio
180 2385 294 2450 debere
324 2386 507 2452 adcrescere
538 2410 634 2473 quam
666 2386 797 2451 deberet
828 2387 857 2451 ei
891 2388 946 2472 qui
976 2388 1069 2453 fundi

54 2475 179 2541 habens
198 2495 292 2539 usum
306 2474 447 2540 fluctum
465 2480 592 2559 partem
611 2476 832 2541 ususfructus
851 2477 1067 2560 proprietario

55 2562 154 2629 cessit
175 2564 226 2627 vel
249 2585 313 2629 non
336 2565 456 2628 utendo
480 2563 597 2630 omisit.

144 2652 199 2717 40.
220 2650 294 2716 Vat.
308 2653 347 2716 fr.
364 2653 414 2718 77.
447 2652 536 2738 (Ulp.
560 2654 599 2718 ad
621 2650 719 2740 Sub).
741 2689 778 2699 —
800 2655 1067 2718 ..constitutus

55 2739 159 2805 nihilo
182 2740 288 2805 minus
315 2743 452 2806 amissus
478 2740 534 2826 (sc.
553 2739 770 2828 ususfructus)
789 2742 839 2805 ius
863 2742 1069 2808 adcrescendi

54 2829 209 2895 admittit.
252 2851 361 2894 omnes
381 2831 466 2894 enim
487 2834 633 2895 auctores
658 2831 742 2914 apud
761 2830 925 2895 Plautium
949 2830 1068 2897 dehoc

52 2926 294 2983 consenserunt.

419 3014 466 3072 Dc
488 3015 579 3086 faudo
602 3014 702 3086 leuato.

144 3114 198 3178 41.
230 3112 269 3179 D.
288 3112 344 3196 35,
364 3115 398 3193 2,
417 3114 469 3180 65.
511 3114 629 3178 Paulus
657 3113 741 3178 libro
771 3120 862 3180 sexto
891 3114 931 3179 ad
960 3115 1067 3198 legem

51 3202 174 3267 Iuliam
203 3207 236 3267 et
262 3200 407 3286 Papiam.
431 3239 468 3249 -
493 3202 528 3268 si
556 3203 673 3266 fundus
696 3204 822 3288 legatus
847 3205 890 3268 sit
912 3205 1067 3289 quinqua·

52 3292 151 3380 ginta
188 3289 305 3376 dignus
343 3291 401 3354 sub
439 3292 499 3356 hac
531 3291 727 3375 condicione,
766 3294 793 3356 si
831 3293 1068 3376 quinquaginta

52 3380 166 3445 heredi
198 3379 350 3463 dedisset,
381 3381 526 3465 plerique
558 3384 674 3463 putant
704 3380 784 3444 utile
815 3403 885 3444 esse
912 3381 1067 3464 legatum,

52 3470 131 3554 quia
159 3467 356 3533 condicionis
380 3468 560 3552 implendae
583 3491 680 3534 causa
704 3469 811 3553 datur3
837 3491 915 3533 nam
939 3475 1068 3534 constat

54 3558 154 3623 etiam
177 3557 354 3622 Falcidiam
377 3579 449 3621 eum
472 3558 539 3642 pati
561 3579 666 3641 posse.
