2422 3976
101 190 163 255 126
178 191 225 245 111.
236 189 313 245 GAII
323 187 469 245 CLAUDII
478 188 612 246 NERON.
623 187 766 243 GALBAE
775 189 883 246 ΤΕΜΡ.
898 188 997 246 IURIS
1009 187 1084 247 (lONt

96 354 161 434 peti
173 357 334 435 poteraut;
357 353 411 417 sed
427 353 481 434 qui
497 356 606 438 potem,
623 372 726 417 cavae
743 352 895 438 dehebant,
914 354 944 418 si
961 352 1084 419 terlio

98 443 194 507 evicto
209 441 315 527 fuerit,
332 443 413 522 quod
430 442 597 523 teutmaro
609 442 733 506 nomiae
746 443 856 506 dolrem
868 443 911 507 sit
921 443 1045 508 reddito
1057 443 1084 507 ir

341 599 391 665 De
412 600 461 666 tis
483 601 538 682 qui
559 600 657 665 alieni
678 601 761 666 toris
782 605 864 668 sunt.

154 782 156 786 ,
187 724 238 789 31.
258 725 296 788 D.
313 726 341 806 1,
356 725 384 805 7,
394 723 446 788 44.
478 722 635 788 Proculus
650 724 733 788 libro
749 727 863 791 octavo
878 724 1084 810 Epistularun

99 849 141 860 -
166 809 202 878 si
224 813 265 895 is,
291 813 346 898 qni
368 815 520 895 nepotem
544 834 581 876 ex
605 812 672 876 filio
696 812 806 897 habet,
827 814 863 878 in
886 813 1015 898 nepotis
1036 813 1084 878 loo

99 902 238 986 aliquem
276 899 457 985 adoptavit,
492 921 555 965 noa
582 905 659 984 puto
691 907 810 967 mortuo
841 921 899 968 oro
930 903 1004 968 iuro
1037 921 1084 967 oon

97 991 316 1074 sarqoioitotis
338 991 418 1054 inter
439 994 559 1071 nepotes
580 990 691 1070 futuro
708 1002 783 1056 esse.
827 993 881 1056 sod
901 991 931 1056 si
952 993 997 1057 sio
1017 991 1084 1072 ador

98 1082 187 1162 tavit,
218 1081 266 1144 uli
293 1084 357 1143 tom
380 1079 447 1142 iure
470 1078 530 1162 leue
550 1098 643 1160 nepos
665 1098 740 1144 sous
763 1084 849 1165 esset,
882 1100 977 1162 quom
998 1077 1042 1145 si¹
1066 1097 1084 1142 e

97 1169 192 1233 Lucio
218 1173 299 1250 puto
329 1167 395 1250 filio
426 1187 481 1232 suo
513 1172 542 1232 et
569 1188 606 1232 eoo
632 1168 899 1249 matrefamilias
927 1169 992 1235 eius
1015 1172 1084 1234 aaa

97 1262 183 1341 esset,
206 1262 313 1322 contro
330 1261 415 1338 puto.

186 1367 260 1428 Gall.
289 1369 317 1444 5,
345 1371 394 1445 19,
422 1371 450 1428 9.
500 1368 573 1427 Eius
606 1368 770 1446 rogationis
802 1368 895 1428 verba
928 1369 1001 1429 haee
1021 1368 1082 1427 suut

97 1457 198 1517 velitis
221 1456 360 1529 iubeatia,
384 1458 418 1514 nt
440 1457 473 1516 L.
492 1456 632 1517 Valerius
650 1456 685 1516 L.
703 1457 784 1516 Titio
807 1459 872 1517 tam
895 1458 961 1518 iura
984 1458 1084 1536 legeque

97 1547 178 1605 filius
206 1545 276 1622 siet,
305 1564 395 1621 quam
422 1544 448 1604 si
475 1565 511 1605 ex
537 1565 572 1606 eo
599 1549 685 1623 patre
713 1548 867 1622 matreque
891 1547 1020 1606 familias
1040 1543 1084 1604 eiua

97 1637 185 1693 natus
210 1637 289 1693 osset
312 1636 343 1692 et
366 1653 392 1709 q.
417 1652 439 1693 s.

324 1770 375 1835 De
396 1771 583 1852 adquirendo
606 1791 711 1836 rerum
732 1771 880 1839 dominio.

186 1896 236 1961 32.
260 1895 300 1960 D.
315 1896 366 1978 41,
384 1896 411 1978 1,
426 1894 468 1960 56
476 1917 522 1979 pr.
543 1897 562 1976 ξ
581 1897 608 1960 l.
644 1895 734 1960 Idem
755 1893 813 1983 (sc.
831 1892 1004 1982 Proculus)
1020 1891 1084 1957 libro

98 1987 212 2050 octavo
236 1983 467 2069 Epistularum.
643 2036 647 2042 .

186 2083 210 2134 1.
242 2072 353 2136 Insula
385 2075 435 2137 est
467 2077 562 2137 enata
594 2072 629 2137 in
660 2071 793 2136 flumine
826 2071 1084 2137 eontra-fronton

97 2161 167 2245 agri
195 2162 271 2244 mei,
299 2161 346 2225 ita
373 2166 409 2226 ut
436 2161 518 2225 nihil
548 2159 714 2225 excederet
742 2161 913 2244 longitudo
941 2161 1084 2252 regiones]

96 2249 219 2334 praedii
252 2250 328 2333 mei3
360 2253 474 2334 postea
502 2253 595 2313 aneta
623 2253 672 2313 est
700 2250 858 2332 paulatim
887 2254 920 2314 et
948 2241 1084 2335 prooesstt

97 2343 211 2403 eontra
224 2338 347 2403 frontes
367 2342 399 2402 et
419 2339 594 2423 superioris
608 2338 707 2401 vieini
723 2343 755 2401 et
769 2338 941 2403 inferioris.
980 2349 1084 2423 quaero,

97 2429 181 2513 quod
206 2428 348 2492 adcrevit
371 2431 480 2491 utrum
504 2448 609 2491 meum
634 2427 685 2508 sit,
709 2428 860 2511 quoniam
884 2448 957 2491 meo
979 2426 1084 2491 adiunc-

95 2522 165 2581 tum
194 2521 255 2598 est,
289 2538 329 2580 an
358 2517 425 2579 eius
453 2515 532 2579 iuris
561 2516 617 2597 sit,
645 2515 734 2579 cuius
764 2519 862 2598 esset,
891 2514 919 2579 si
946 2514 1035 2580 initio
1058 2523 1084 2570 el

96 2609 173 2670 nata
196 2607 263 2669 eius
287 2604 500 2688 longitudinis
523 2605 645 2669 fuisset.

184 2693 340 2757 Proculus
363 2693 542 2775 respondit:
575 2693 691 2774 flarmooo
712 2692 808 2769 istud,
831 2692 866 2755 iro
888 2713 947 2773 quo
969 2687 1084 2758 insulem

95 2787 201 2846 coorto
229 2781 363 2862 frontem
394 2782 464 2863 aori
495 2783 541 2845 tut
567 2786 689 2847 enatam
716 2801 778 2847 esse
804 2782 957 2862 scripsisti
983 2783 1037 2862 iio,
1062 2769 1084 2836 ll

94 2890 157 2934 reolo
184 2871 333 2934 excederet
359 2869 579 2953 tonuitodinem
606 2871 676 2952 ouri
704 2870 762 2953 toi,
790 2870 819 2934 si
846 2870 1011 2935 otiosioris
1031 2859 1084 2948 <ὶ3>

95 2960 144 3023 ius
173 2958 261 3022 hebet
287 2963 315 3022 et
341 2959 445 3024 insula
472 2960 562 3024 initio
582 2960 712 3042 propior
733 2958 831 3038 fundo
855 2963 906 3023 troo
927 2960 992 3039 fuit
1011 2965 1084 3040 qoem

95 3048 173 3131 eiua,
205 3047 259 3128 qui
286 3052 372 3112 trans
398 3055 510 3125 flumen
537 3047 677 3131 habebat,
710 3051 773 3111 tolo
802 3052 855 3111 tuo
880 3047 967 3127 socio
993 3039 1084 3130 estll

94 3138 175 3218 qood
200 3141 307 3218 posteo
334 3138 362 3201 a·
388 3138 508 3202 lusoriae
538 3138 691 3201 alluvione
717 3137 853 3219 arcessit,
881 3137 915 3200 id
941 3142 1027 3201 tuum
1049 3129 1084 3204 etl

95 3227 215 3291 etiamsi
242 3227 288 3290 ilo
315 3227 450 3308 occessit,
477 3231 512 3290 ut
531 3227 704 3307 procederet
729 3225 835 3289 insola
862 3231 969 3290 contro
989 3223 1084 3308 frontet

94 3316 264 3380 uicinorum
282 3316 450 3397 superioris
468 3320 559 3395 atque
576 3313 743 3395 inferioris,
761 3314 807 3378 vet
823 3315 917 3378 ettam
931 3320 967 3380 ut
978 3310 1084 3398 propio

94 3407 168 3469 esset
187 3405 285 3485 [leudo
308 3405 385 3488 eius,
408 3405 462 3485 qui
485 3408 573 3468 trous
595 3405 710 3485 fleterna
732 3402 825 3467 habet.

168 3567 180 3614 1
202 3562 238 3616 F.
257 3563 289 3615 ut
308 3560 391 3616 etiam
411 3560 471 3615 inre
489 3560 561 3629 legis
577 3600 583 3614 .
600 3602 606 3616 .
622 3602 628 3616 .
644 3560 718 3616 esset
736 3559 824 3628 quasi.
