2422 3976
396 185 422 234 6.
444 177 651 235 [AVOLENUS
669 178 819 235 muscos
1045 180 1113 246 465

89 342 204 425 Μ,
235 342 377 407 adiretur
406 362 497 407 neone
522 342 643 423 pnpilli
673 342 836 420 hereditas,
868 364 938 408 enm
967 364 1004 408 ea
1032 345 1113 409 bona

91 431 212 497 omissa
238 450 261 495 a
282 430 442 496 substituto
463 430 626 495 hereditate
648 432 692 496 ad
712 433 874 496 creditores
895 453 957 496 non
978 435 1112 513 pertine·

90 520 178 586 bant.
223 540 272 584 me
293 519 376 584 illnd
395 520 530 584 maxime
552 520 657 598 movit,
682 522 764 602 qnod
778 522 1028 603 praeceptoribus
1050 524 1113 588 tnis

89 608 195 693 planet
214 628 314 673 nnmn
336 628 398 673 esse
421 612 640 673 testamentum.

185 695 371 779 Reopondit:
398 698 478 779 qnod
492 702 621 779 praetor
640 697 715 779 fitia,
737 699 792 779 qni
809 720 830 762 a
842 703 979 780 paterna
996 699 1113 764 heredi-

93 791 158 851 tate
179 804 213 851 se
234 786 373 869 abstinet,
389 790 539 868 praestat,
561 806 600 849 ne
622 786 709 850 bonis
720 788 827 868 patris
845 788 910 851 eins
927 788 1059 852 venditis
1077 790 1113 853 in

91 895 166 940 enm
188 875 268 939 aetio
286 876 383 958 detnr,
405 873 492 957 <nt>,
514 875 635 939 tametsi
646 880 754 956 postea
773 877 801 939 ei
818 876 968 941 hereditas
986 877 1113 960 obvenit,

92 963 297 1029 oreditoribus
322 984 386 1028 non
412 965 531 1047 reddat,
559 964 640 1027 idem
667 965 702 1028 in
728 964 888 1028 snbstitnto
915 965 982 1045 filio
1007 965 1113 1030 herede

93 1052 282 1117 servanderm
314 1073 376 1117 non
407 1057 462 1135 est,
494 1053 641 1134 qnoniam
673 1053 734 1133 hiri·
756 1055 872 1133 pndori
893 1055 1045 1136 paroitnr,
1079 1060 1116 1119 nt

87 1142 200 1225 potino
216 1141 321 1223 patris
342 1161 437 1222 qnam
454 1141 520 1205 eins
538 1140 618 1204 bona
635 1145 772 1224 omeant,
794 1143 897 1224 itaqne
915 1143 950 1205 in
968 1142 1010 1225 id,
1033 1145 1116 1224 qnod

89 1233 201 1313 postea
223 1230 252 1294 ei
273 1229 400 1307 obvenit,
422 1231 502 1294 aetio
520 1230 717 1294 oreditoribus
735 1231 909 1312 denepatnr,
932 1232 1007 1311 qnia
1025 1233 1060 1295 id
1076 1252 1114 1296 ere

93 1318 267 1384 adventicio
302 1319 491 1400 adqnisitnm
528 1323 584 1395 est,
624 1338 686 1382 non
720 1339 776 1399 per
807 1325 929 1400 patrem
966 1320 1010 1384 ad
1043 1341 1113 1385 enm

88 1407 238 1490 pervertit.
297 1411 331 1473 at
371 1427 440 1471 enm
476 1407 656 1472 snbstitntas
691 1408 756 1488 filio
792 1408 988 1472 hereditatem
1024 1410 1114 1493 adiit,

88 1500 259 1581 postquam
279 1496 423 1578 pupiltos
444 1516 475 1560 se
491 1500 642 1577 paternae
664 1497 820 1560 misouerit
841 1497 1013 1580 hereditati,
1042 1502 1114 1572 tarro

92 1584 248 1650 hereditas
270 1589 300 1649 et
315 1586 419 1666 patris
442 1590 470 1648 et
491 1585 552 1665 filii
570 1606 635 1648 nna
654 1589 697 1649 est
713 1589 743 1649 et
759 1587 794 1648 in
812 1586 897 1649 omni
914 1606 984 1650 aere
1001 1587 1112 1669 alieno,

94 1675 178 1757 qnod
204 1677 263 1737 ont
282 1674 387 1755 patris
408 1678 465 1738 ant
485 1673 547 1756 diii
567 1673 674 1754 fnerit,
704 1675 797 1737 etiam
819 1675 936 1738 inoitns
957 1675 1042 1740 heres
1065 1676 1113 1740 ob

97 1762 231 1845 liparem
250 1766 278 1826 et
294 1763 549 1843 quemadmodnm
568 1762 697 1826 hbernm
714 1764 743 1826 ei
760 1784 823 1827 non
841 1768 885 1828 est
898 1763 1112 1846 obhipationem

94 1848 336 1935 <hereditariam
362 1851 538 1934 mensore),
565 1855 601 1914 nt
626 1871 689 1915 non
712 1852 899 1932 omnimodo,
926 1853 956 1916 si
977 1873 1039 1917 non
1063 1855 1112 1918 de·

94 1940 246 2022 fmditnr,
277 1940 377 2021 ipsine
408 1940 487 2004 bona
514 1944 653 2021 veneant,
685 1940 731 2004 ita
757 1960 796 2003 ne
821 1961 965 2021 separare
989 1943 1113 2022 qnidem

96 2048 148 2093 aes
169 2028 307 2092 aiiennm
323 2029 429 2110 patris
450 2033 480 2092 et
500 2029 562 2109 filii·
576 2029 701 2108 poterit;
725 2049 783 2110 qno
802 2049 876 2093 oaon
894 2029 1053 2112 efhoietnr,
1076 2035 1112 2095 nt
1147 2088 1152 2097 .

97 2117 295 2181 oreditorhns
311 2117 347 2180 in
364 2138 434 2181 enm
452 2118 531 2181 aetio
549 2118 622 2181 dari
639 2117 749 2182 debeat.
785 2119 867 2198 qnod
883 2119 912 2182 si
929 2118 1112 2183 snbstitntns

96 2204 181 2271 hereo
208 2205 402 2271 hereditatem
428 2226 491 2271 non
517 2207 641 2288 adierit,
668 2206 866 2270 oreditoribus
884 2207 988 2287 patris
1010 2207 1046 2270 in
1068 2208 1111 2288 id,

96 2296 177 2375 qnod
202 2295 344 2376 pnpillns
375 2295 510 2376 reliqnit,
542 2295 621 2359 aetio
648 2296 720 2358 dari
746 2315 809 2359 non
835 2295 930 2372 debet,
962 2296 1111 2376 qnoniam

99 2402 190 2465 neque
218 2383 333 2466 pnpilli
364 2384 443 2447 bona
474 2384 577 2448 oenire
608 2384 713 2448 dehent
736 2388 863 2465 propter
895 2403 947 2447 aes
973 2385 1111 2448 ahiennm

96 2473 195 2553 patris
221 2492 316 2554 neque
337 2472 373 2536 in
396 2472 482 2536 bonis
503 2474 605 2553 patris
626 2473 771 2554 estquod
788 2472 931 2554 pnpiitns
954 2474 1111 2554 adquisiit.

511 2666 561 2732 De
583 2667 698 2750 hepatis.

184 2782 217 2846 2.
251 2780 288 2845 D.
307 2783 359 2864 31,
377 2783 431 2846 40.
480 2781 570 2845 Idem
598 2778 656 2869 (se.
679 2778 865 2868 Iavolenus)
894 2783 977 2846 libro
1005 2786 1112 2869 primo

100 2866 332 2955 Epistularum.
357 2906 397 2916 —
423 2869 460 2936 Si
482 2871 596 2936 dnobus
619 2872 714 2935 servis
732 2872 807 2935 meis
824 2871 927 2935 eodem
944 2893 993 2937 res
1012 2874 1114 2956 hepate

98 2964 141 3024 nt
151 2964 181 3025 et
193 2960 321 3024 alterins
333 2959 413 3024 serni
425 2961 549 3024 nomine
562 2961 605 3024 ad
618 2981 664 3023 me
677 2980 744 3023 eam
753 2961 907 3041 pertinere
920 2962 999 3044 noto,
1016 2967 1112 3026 totnm

98 3048 139 3114 od
158 3068 208 3113 me
224 3049 399 3132 pertinebit,
422 3050 498 3130 poia
514 3053 638 3130 partem
660 3048 788 3113 alterins
805 3049 886 3113 seroi
902 3070 960 3130 per
978 3051 1112 3114 atternm

97 3154 218 3201 termam
239 3138 379 3219 adquiro,
397 3137 526 3218 perinde
547 3158 584 3201 ae
604 3139 633 3202 si
655 3157 719 3202 meo
742 3138 915 3202 datterins
933 3159 1017 3203 seroo
1035 3142 1114 3203 esset

96 3224 240 3309 topatmn.

394 3332 445 3397 De
466 3333 614 3415 emptione
636 3333 813 3399 venditione.

187 3447 218 3513 3.
250 3445 411 3531 D.41,3,
432 3448 481 3512 19.
531 3448 702 3512 Iavolenus
734 3447 818 3512 libro
846 3448 951 3531 primo
979 3447 1111 3531 Epistu-

97 3534 213 3601 larum.
243 3572 281 3582 -
312 3535 349 3602 Si
379 3536 532 3600 hominem
563 3539 675 3620 emisti,
707 3542 754 3616 nt,
785 3538 814 3601 si
842 3537 950 3618 ahiqna
977 3538 1118 3602 conditio

149 3648 248 3699 Iurlspr.
262 3650 378 3690 entehsdr,
392 3650 440 3690 teth
455 3650 489 3691 ed.
503 3650 604 3692 Bremer.
629 3652 662 3706 11,
671 3655 691 3695 2.
874 3647 912 3697 bb
