2422 3976
93 205 159 270 418
196 204 229 261 V.
248 203 399 259 NERVAE
418 203 464 258 ΕΤ
483 203 635 258 TRAIANI
652 203 761 262 TEMP.
778 203 876 261 uuus
894 203 1072 261 consum

184 369 234 432 62.
267 366 306 432 D.
326 366 379 449 35,
401 371 427 451 1,
445 368 498 448 40,
517 368 547 432 2.
595 366 686 431 Idem
719 364 776 452 (so.
804 365 992 454 Iavolenus)
1019 367 1094 431 libro

97 457 235 522 secundo
264 478 301 520 ex
328 456 561 540 posterioribus
589 454 756 522 Labeonis.
784 493 829 502 -
857 456 993 538 Quidam
1022 456 1093 520 Titio

94 551 214 610 eentum
237 546 399 627 iepauerat,
422 546 528 610 duride
549 544 637 625 infra
659 545 705 608 ita
728 545 877 610 iusserat:
906 543 996 626 ‘anas
1011 565 1092 629 pene

94 636 166 700 nias
184 635 292 716 oniam
311 635 415 717 tepori,
434 654 485 699 eas
502 633 587 698 tures
604 653 697 717 murs,
716 636 745 698 si
761 638 860 698 mater
878 654 949 698 mea
965 635 1091 710 moritur,

94 723 194 801 dato';
219 728 337 788 mortuo
350 722 598 804 patrefamilias
617 717 718 787 Titius
734 726 855 787 oiunat
872 727 901 786 et
917 723 990 787 uiua
1007 726 1091 787 matn

94 811 275 896 [familias]
311 813 483 877 decesserat.
541 816 664 876 mortua
700 816 797 876 matre
830 810 991 876 heredibus
1026 808 1090 874 Titii

94 902 228 984 deuotum
246 901 346 965 deberi
365 898 476 984 Ofilius
496 901 663 982 respondit,
681 901 827 980 quamam
845 903 915 964 non
927 900 984 965 snb
1002 897 1089 966 ooudi

93 990 178 1055 aione
204 994 278 1055 esset
304 989 449 1072 tepaturm
475 989 528 1054 sed
553 994 625 1053 ante
647 989 778 1071 topatum
794 1009 889 1072 pure,
911 989 1019 1054 dudda
1038 988 1089 1053 din

95 1079 230 1144 soluendi
251 1079 377 1142 adiecta.
422 1079 591 1161 uideamus,
615 1078 718 1160 inanit
738 1077 849 1161 Labeo,
872 1097 910 1142 ne
933 1078 969 1142 id
986 1077 1088 1158 fabum

94 1167 145 1251 sit,
168 1168 243 1249 quia
265 1166 347 1231 nibil
367 1167 625 1248 intersit,.utrum
647 1166 694 1231 ita
715 1166 884 1230 saribatur:
908 1164 999 1247 ‘quas
1013 1183 1087 1248 pem

23 1258 25 1263 ’
95 1257 168 1321 nias
186 1257 293 1337 auique
311 1255 418 1340 tepori,
435 1275 488 1320 eas
504 1254 587 1319 beres
606 1274 698 1336 meus,
716 1255 745 1318 si
762 1259 861 1319 mater
878 1275 948 1319 mea
965 1255 1086 1331 mmm,

94 1344 177 1410 doto'
201 1366 244 1409 an
266 1346 329 1408 ita:
358 1343 434 1408 ‘nisi
455 1348 554 1407 mater
576 1364 645 1407 mea
667 1344 812 1426 moritur,
834 1363 873 1408 ne
895 1343 996 1420 dato’‚·
1016 1347 1085 1407 ntru-

95 1434 184 1516 biaue
207 1434 288 1497 enim
311 1433 367 1497 sub
389 1432 562 1497 condicione
583 1432 629 1497 uei
651 1434 760 1498 datum
782 1432 827 1497 oet
848 1433 1024 1514 ademptum
1039 1445 1086 1495 esse
1122 1424 1125 1497 s

96 1523 236 1605 leuatum.
282 1520 433 1586 Labeonis
454 1541 631 1603 responsum
649 1522 754 1603 probo.
1123 1514 1125 1529 '

184 1627 234 1692 63.
258 1626 297 1691 Ι).
313 1628 365 1709 32,
379 1628 431 1710 30,
446 1628 476 1692 2.
512 1626 620 1692 Labeo
634 1628 720 1692 libro
735 1626 874 1692 seeundo
888 1625 1085 1710 posteriorum

96 1714 285 1779 alavoleno
309 1717 569 1798 epitomatorum.
598 1753 635 1763 -
664 1715 742 1781 Onam
761 1719 935 1780 testamento
958 1715 1086 1797 seriptum
1122 1718 1125 1797 ξ

94 1808 184 1869 esset:
208 1802 324 1869 ‘Sticho
348 1825 431 1869 serm
452 1825 517 1869 mea
534 1805 618 1870 beros
636 1806 770 1887 auinaue
786 1805 858 1869 dato
876 1809 912 1888 et,
934 1805 964 1870 si
982 1801 1087 1870 sunu
1122 1802 1125 1881 ζ

94 1892 197 1957 berecti
218 1913 283 1958 meo
305 1893 461 1957 biennium
483 1895 633 1975 servierit,
657 1893 732 1958 tiber
753 1892 835 1979 esto',
851 1898 925 1976 post
947 1892 1086 1958 biennium

95 1981 228 2064 topatnm
250 1983 350 2047 deberi
371 1983 518 2065 enistimo,
541 1983 617 2064 quia
638 1984 673 2046 in
696 1983 731 2047 id
752 1986 869 2063 tempus
886 1986 916 2046 et
933 1979 1088 2047 libertast

95 2071 226 2153 leuatum
249 2072 358 2151 referri
379 2071 509 2148 deberet·
532 2072 614 2153 qnod
639 2076 667 2136 et
692 2070 854 2135 Trebatius
875 2071 1037 2152 respondit.
1123 2120 1125 2125 -

185 2179 237 2242 64.
264 2176 303 2241 D.
323 2177 374 2259 35,
396 2179 423 2259 1,
442 2178 494 2259 40,
512 2176 542 2242 5.
592 2175 681 2241 Idem
715 2173 774 2263 (so.
799 2174 989 2263 Iavolenus)
1019 2173 1087 2239 libro

95 2267 232 2331 seeundo
257 2288 295 2330 ex
316 2266 550 2349 posterioribus
574 2265 742 2330 Labeonis.
764 2301 806 2312 —
827 2265 981 2330 Thermus
1002 2265 1088 2329 mnu

94 2376 224 2435 quorum
242 2355 397 2419 arbitratu
415 2360 643 2419 monumentum
661 2355 721 2419 sabi
737 2355 808 2438 feri
825 2355 912 2418 veltet
930 2353 1087 2420 munau

94 2445 267 2525 scribserat,
290 2445 396 2508 deinde
418 2445 464 2507 ita
487 2443 653 2525 depaverat:
677 2443 787 2508 ‘Luoio
812 2440 929 2508 Publio
954 2439 1088 2508 Oomeiiis

94 2535 137 2596 ad
162 2538 392 2596 monumentum
419 2553 519 2596 meum
546 2534 772 2614 aedificandum
798 2531 884 2595 mitte
910 2532 1089 2598 heresum

94 2620 185 2685 dato'.
239 2622 399 2685 Trebatius
428 2623 583 2702 respondit
605 2641 663 2702 pro
690 2641 722 2684 eo
750 2620 923 2684 babendum
951 2642 987 2686 ao
1008 2618 1088 2684 siin

96 2709 227 2790 teaatum
254 2715 341 2790 esset,
367 2711 396 2774 si
422 2711 499 2774 satis
527 2711 677 2774 dedissent
698 2709 797 2774 seito
819 2710 854 2773 id
875 2712 1087 2774 monumentum

94 2816 131 2860 en
154 2818 189 2861 ea
209 2800 340 2878 pecnnia
361 2799 505 2878 facturos.
552 2798 652 2862 Labeo
678 2798 812 2862 Trebatii
834 2801 1014 2863 sententiam
1028 2812 1087 2879 pro

95 2885 158 2962 bat,
186 2889 260 2966 quia
287 2887 360 2951 baec
388 2908 472 2952 mens
496 2888 633 2952 testantis
654 2885 775 2969 fnisset,
802 2891 839 2950 ut
859 2907 897 2950 ea
913 2887 1042 2969 pecunia
1060 2882 1086 2944 in

95 2980 323 3038 monumentum
344 2982 584 3053 consumendum
608 2976 688 3039 idem
706 2980 735 3040 et
751 2995 802 3058 epa
821 2980 849 3038 et
866 2975 1086 3055 Promissum

94 3063 210 3128 bamus.

184 3168 234 3234 65.
267 3168 305 3233 D.
320 3170 372 3254 35,
394 3169 488 3254 1‚4o‚
506 3172 535 3235 3.
590 3169 678 3234 Idem
712 3167 769 3256 (so.
800 3166 989 3257 Iavolenus)
1018 3166 1085 3232 libro

95 3259 234 3323 secundo
264 3281 302 3322 ex
324 3259 557 3342 posterioribus
582 3259 753 3324 Labeonis.
774 3295 819 3306 -
842 3259 1000 3324 Dominus
1018 3267 1085 3322 soto
1123 3302 1125 3321 .

95 3365 132 3428 H
137 3349 196 3430 SV
213 3363 387 3451 <rationis>
405 3367 470 3431 eius
489 3366 654 3448 tepaoerat:
680 3364 775 3431 ‘bores
796 3386 882 3431 muas
898 3365 999 3432 Stiabo
1018 3373 1084 3428 sent

95 3492 175 3552 meo,
202 3493 290 3553 quem
314 3476 487 3537 testamento
510 3473 638 3537 liberum
661 3492 723 3537 esse
745 3473 837 3555 iussi,
861 3457 1083 3554 Hst‘fquaoin

94 3560 207 3625 tabulis
234 3561 334 3648 debeo,
360 3560 450 3625 dato'.
495 3561 576 3626 nibil
602 3581 685 3626 seruo
713 3562 847 3644 tepatnm
876 3583 938 3628 esse
960 3560 1081 3626 Naum
