2422 3976
159 225 194 282 n
213 183 453 282 mosaroauu
473 225 700 281 senesanna
719 225 765 280 nr
783 226 888 282 mear.
965 226 1031 291 565

457 408 542 476 Uare
563 409 602 472 oi.

107 532 185 599 181.
230 531 269 597 D.
299 532 353 611 43,
387 532 436 614 16,
471 533 498 615 1,
531 533 596 607 14.,
635 530 795 614 Ulpianus
828 532 913 595 libro
946 521 1032 595 sexa·

65 621 167 687 naimo
203 641 290 699 nouo
327 621 367 684 ad
403 620 550 685 edictum.
585 657 630 668 -
660 669 678 685 ..
698 671 735 685 ..
769 622 796 684 ei
831 620 915 704 quod
949 621 1046 684 alius*

65 711 150 791 iecit,
181 712 289 774 ratum
322 708 481 787 habuero,
512 714 588 774 sunt
624 710 680 793 qui
712 712 826 792 putent
858 708 1032 777 seeundum

65 798 177 864 binum
213 802 246 862 et
287 794 437 863 Cassium
474 798 529 882 qui
574 797 837 863 ratihabitionem
879 797 1031 862 mandato

65 889 226 971 nparant,
266 908 320 950 ma
356 887 459 951 videri
490 885 648 951 >deiecisse
694 886 928 970 interdictoque
967 887 1031 965 isto

65 997 131 1042 ran.
190 994 191 999 ’

129 1054 135 1063 ’
419 1063 495 1136 ‚De
517 1066 601 1129 ruris.

109 1179 182 1246 182.
228 1176 267 1244 Ι).
300 1180 355 1260 43,
385 1180 436 1261 21,
472 1181 498 1258 1,
532 1181 560 1245 7.
606 1178 763 1264 Ulpianus
795 1180 877 1244 libro
907 1183 1032 1262 septua-

65 1269 166 1334 rsimo
197 1267 237 1332 ad
268 1268 489 1333 edictum—
519 1265 668 1352 (Praetor
696 1269 755 1332 ait:
787 1269 890 1333 rivum
920 1289 1032 1351 specus

65 1356 111 1422 rte
146 1356 277 1421 reficere
312 1377 452 1440 purgare
486 1378 588 1441 aquae
630 1357 791 1421 ducendae
828 1379 963 1420 causa.
983 1356 1030 1438 ..)

65 1445 181 1537 rgandi
209 1446 345 1510 verbum
373 1446 575 1530 plerique..
603 1469 648 1530 pu
648 1450 720 1510 tant
748 1445 787 1509 ad
820 1467 893 1509 eum
926 1446 1031 1508 rivum

65 1527 178 1600 ttinere
202 1533 257 1619 qui
280 1533 406 1618 integer
428 1538 486 1598 est.

245 1709 283 1776 st
306 1731 382 1793 opas
404 1732 517 1776 uocum
539 1732 605 1776 auu
606 1713 716 1776 tiotum
739 1712 805 1776 erit.

109 1835 182 1901 183.
232 1835 271 1900 D.
303 1835 355 1917 39,
385 1837 414 1918 1,
440 1836 492 1917 20,
521 1837 550 1901 8.
596 1834 754 1919 Ulpianus
786 1836 870 1900 libro
906 1840 1032 1918 septua-
1148 1832 1151 1838 ’

65 1925 165 1989 esimo
194 1925 299 2007 primo
323 1924 363 1988 ad
387 1924 535 1989 edictum.
558 1960 602 1970 -—
625 1974 654 1988 ..
678 1925 706 1988 ai
730 1929 911 2008 quaeratur,
935 1947 976 1987 an
998 1924 1033 1987 in

65 2013 169 2077 rodem
186 2013 254 2077 eius
274 2013 329 2097 qui
349 2035 430 2095 opus
438 2011 535 2090 slecit,
554 2013 760 2079 interdictum
779 2014 841 2077 hoc
860 2016 1032 2096 competat,

64 2100 184 2166 endum
199 2105 250 2166 est
264 2099 448 2166 Labeonem
468 2102 671 2165 existimasse
689 2102 723 2164 in
742 2101 775 2164 id
795 2101 879 2184 quod
900 2102 940 2164 ad
959 2122 1032 2164 eum

65 2190 169 2259 rvenit,
184 2189 352 2254 dumtaxat
373 2190 443 2254 dari
466 2194 614 2274 oportere
639 2191 689 2254 vel
709 2191 737 2254 si
756 2189 832 2274 quid
851 2190 924 2254 dolo
944 2189 1031 2252 malo

65 2279 120 2343 rius
152 2279 276 2344 factum
307 2278 365 2357 ait,
398 2300 460 2364 quo
500 2279 606 2342 minus
639 2281 830 2361 perveniret.
885 2277 1031 2343 nonnulli

65 2371 136 2432 tant
158 2366 340 2432 infactum
364 2389 432 2431 esee
456 2368 594 2432 dandam
619 2390 716 2452 quam
740 2367 955 2431 interdictum.

252 2553 256 2558 ’
312 2543 362 2612 De
383 2545 543 2650 arboribus
564 2544 730 2610 caedendis

109 2667 183 2734 184.
230 2667 270 2734 D.
297 2669 350 2750 43,
378 2670 429 2746 27,
459 2672 487 2751 1,
516 2670 544 2732 2.
596 2656 756 2753 Ulpianus
788 2669 870 2732 libro
903 2671 1031 2749 septua-

65 2757 168 2822 naimo
191 2755 298 2839 primo
319 2758 358 2820 ad
379 2757 526 2822 edictum.
545 2795 580 2804 —
600 2754 636 2822 Si
651 2758 747 2822 arbor
766 2757 897 2821 aedibus
918 2756 1031 2820 alienis
1153 2771 1155 2775 '

65 2845 193 2929 pendet,
217 2849 326 2909 utrum
350 2850 455 2910 totam
479 2847 629 2911 arborem
649 2848 759 2910 iubeat
777 2848 909 2930 praetor
933 2844 1032 2909 adimi

89 2955 163 2998 vero
187 2933 221 2997 id
245 2934 362 3013 solum,
392 2936 476 3018 quod
501 2934 752 3017 superexcurrit,
780 2935 953 3018 quaeritur.
999 2936 1032 2996 et

65 3023 163 3088 uilius
183 3023 231 3086 ait
250 3045 270 3086 a
287 3023 387 3108 stirpe
403 3023 608 3088 excidendam
622 3024 717 3109 idque
730 3023 892 3108 plerisque
907 3022 1032 3086 videtur

65 3111 134 3177 rius.

471 3201 511 3267 U
510 3200 587 3265 rub

110 3314 184 3381 185
230 3314 269 3380 D.
293 3316 345 3396 4,1
369 3316 474 3398 2,13,
497 3317 526 3381 2.
572 3316 660 3380 Idem
680 3314 738 3398 (so.
756 3313 932 3400 Ulpianus)
946 3314 1030 3378 l1bro

65 3405 285 3489 rtuagcnsimo
320 3406 460 3468 secundo
488 3406 529 3468 ad
556 3405 702 3469 edictum.
731 3441 769 3450 -
803 3403 1031 3486 ..quaeritur,

71 3493 145 3575 quis
170 3492 334 3557 hominem
357 3494 518 3558 venditori
541 3493 749 3575 redhibuerit,
726 3497 818 3556 tan
850 3491 1031 3557 accessione

65 3582 197 3667 possit
221 3603 259 3646 ex
284 3603 425 3700 persona
449 3582 527 3647 eius.
574 3586 608 3648 et
638 3586 717 3650 sunt
740 3583 799 3669 qui
824 3583 950 3666 putenb
977 3598 1056 3640 non
