2422 3976
146 120 168 182 4
204 119 251 174 ΙΙΙ.
267 118 343 174 GAH
358 117 505 172 CLAUDII
518 115 652 171 NERON.
664 114 806 170 GALBAE
822 115 929 173 ΤΕΜΡ.
943 114 1040 170 lunis
1054 113 1154 170 CONS.
1205 106 1208 111 ¹

471 277 514 331 De
531 276 636 330 heredis
654 277 832 330 institutione.

238 381 265 443 1.
290 377 328 441 D.
348 378 400 454 28,
418 376 448 460 5,
468 377 518 440 70.
563 374 717 440 Proculus
745 376 828 439 libro
857 375 996 439 secundo
1024 375 1156 460 Epistu-

148 468 260 532 larum.
270 502 315 512 -
329 464 510 530 ‘Cornelius
526 469 557 528 et
570 464 725 548 Maevius,
739 468 811 528 uter
824 485 933 528 eorum
950 465 1046 546 volet,
1065 465 1158 527 heres

149 556 241 621 esto'.
283 559 415 638 uterque
437 554 516 618 vult.
553 553 724 617 Trebatius
743 556 892 616 neutrum
912 552 980 617 fore
998 552 1157 637 heredem,

150 643 303 710 Cartilius
326 647 506 725 utrumque.

404 799 449 853 De
465 814 541 853 servo
559 815 620 853 cum
639 799 715 853 ianoe
732 797 905 853 commodato.

239 900 269 963 2.
287 899 326 964 D.
342 901 393 982 13,
408 900 437 981 6,
452 898 482 982 5,
498 900 547 964 13.
579 897 739 982 Ulpianus
753 898 837 962 libro
852 899 1028 963 vioensimo
1044 901 1161 964 octavo

150 990 190 1053 ad
218 989 357 1053 edietum
381 988 428 1071 (P.
444 984 533 1073 805).
556 1023 599 1033 -
623 985 658 1050 si
685 1008 736 1051 me
763 988 943 1072 rogaveris,
971 991 1008 1050 ut
1031 1008 1161 1052 servum

150 1078 212 1142 tibi
238 1100 310 1142 oum
337 1078 428 1141 lance
456 1075 693 1141 commodarem
717 1078 749 1139 et
773 1097 884 1140 servus
908 1076 1033 1140 lancem
1057 1077 1162 1159 perdi·

152 1167 244 1250 derit,
270 1165 423 1231 Curtilius
446 1165 493 1229 ait
515 1164 694 1247 perieulum
719 1164 759 1229 ad
781 1168 814 1229 te
838 1165 1006 1250 respicere,
1029 1187 1107 1229 nam
1130 1170 1163 1230 et

151 1256 276 1320 lancem
310 1253 412 1318 videri
444 1253 695 1336 commodatam,
732 1275 830 1338 quare
863 1253 990 1337 eulpam
1023 1253 1058 1317 in
1091 1275 1161 1318 eam

153 1365 279 1429 quoque
297 1342 535 1426 praestandam.
578 1342 688 1425 [plane
708 1343 735 1405 si
754 1363 865 1407 servus
885 1363 957 1406 oum
977 1364 1015 1406 ea
1032 1341 1164 1427 fugerit,

153 1454 225 1496 eum
254 1432 309 1514 qui
337 1431 574 1495 commodatum
598 1431 722 1516 accepit
745 1452 810 1495 non
834 1432 948 1509 teneri,
976 1431 1041 1495 nisi
1064 1432 1164 1516 fugae

152 1519 318 1603 praestitit
341 1519 495 1602 eulpam]

242 1629 417 1688 Triboniani
441 1629 685 1689 addidamentum
709 1631 834 1708 agnovit
855 1630 988 1691 Pernioe.

403 1933 444 2014 2.
472 1936 647 2010 VARIUS
675 1938 921 2013 LUOULLUS
1020 1961 1022 1965 ·

243 2081 317 2140 iuris
348 2080 463 2155 peritus
494 2081 628 2159 ignotus,
657 2082 717 2141 nisi
744 2084 821 2158 quod
850 2086 887 2143 ab
916 2086 1056 2145 Aristone
1085 2087 1167 2163 apud

154 2169 350 2245 Pomponium
374 2170 526 2247 laudatur,
556 2189 642 2246 quem
665 2171 831 2232 Mommsen
855 2168 1030 2233 ‘Varronem
1055 2175 1167 2235 Lucul-

156 2252 231 2316 lum’
256 2251 286 2338 (I
304 2278 332 2334 p.
350 2250 426 2339 108)
452 2277 516 2318 esse
540 2259 656 2320 oonioit.
702 2260 737 2320 of.
759 2260 896 2340 Krueger
917 2264 1034 2338 p.157.
1072 2263 1168 2324 Lenel

155 2347 188 2407 P.
202 2347 233 2406 H
256 2348 411 2407 001.1208
436 2367 463 2407 n.
483 2349 511 2405 2.

361 2499 405 2552 De
423 2500 506 2554 libero
523 2501 629 2555 homine
647 2503 695 2570 qui
713 2502 785 2556 bona
801 2503 854 2569 fide
872 2504 960 2558 servit.

246 2598 284 2664 D.
297 2599 350 2682 41,
366 2599 395 2681 1,
413 2599 462 2663 19.
502 2598 699 2684 Pomponius
722 2602 807 2666 libro
830 2603 928 2667 tertio
948 2603 988 2667 ad
1008 2601 1167 2668 Sabinum

156 2683 207 2772 (P.
221 2684 310 2772 414).
334 2722 376 2734 -
399 2686 497 2751 Liber
524 2687 635 2774 homo,
664 2690 719 2774 qui
746 2691 831 2755 bona
859 2689 920 2754 fide
949 2691 1029 2755 mihi
1058 2693 1168 2776 servit,

157 2774 259 2858 quod1
287 2797 326 2839 ex
353 2777 459 2859 operis
488 2779 553 2841 suis
581 2785 637 2842 aut
664 2799 703 2843 ex
726 2801 761 2842 rs
784 2800 856 2842 mea
878 2783 1022 2865 pararet,
1050 2781 1090 2844 ad
1115 2803 1168 2846 me

156 2864 318 2946 pertinere
350 2865 418 2928 sine
452 2865 549 2931 dubio
577 2867 689 2931 Aristo
723 2869 782 2951 ait3
815 2867 899 2949 quod
930 2891 1006 2934 vero
1036 2869 1108 2953 quis
1137 2871 1167 2935 ei

157 2952 324 3015 donaverit
352 2957 409 3017 aut
432 2976 470 3018 ex
493 2955 623 3038 negotio
648 2959 740 3040 gesto
765 2956 967 3042 adquisierit,
995 2957 1035 3022 ad
1058 2959 1167 3041 ipsum

156 3041 326 3123 pertinere.
381 3043 436 3105 sed
473 3043 684 3108 hereditatem
721 3045 903 3129 legatumve
940 3068 1006 3111 non
1041 3046 1168 3130 adquiri

157 3127 238 3192 mihi
261 3150 318 3212 per
341 3151 423 3213 eum,
446 3132 521 3215 quia
543 3154 646 3216 neque
670 3155 709 3196 ex
731 3155 766 3197 re
789 3155 860 3197 mea
878 3155 981 3216 neque
1001 3156 1040 3198 ex
1060 3136 1168 3218 operis

157 3222 220 3280 suis
239 3217 271 3279 id
291 3218 335 3281 sit
355 3239 413 3283 neo
432 3220 500 3284 ulla
519 3221 586 3284 eius
607 3242 706 3304 opera
725 3227 809 3285 esset
827 3223 859 3286 in
880 3223 989 3306 legato
1010 3224 1056 3303 [in
1076 3224 1168 3289 here·

158 3305 257 3369 ditate
282 3307 498 3391 aliquatenus,
523 3311 598 3392 quia
618 3331 676 3394 per
702 3311 808 3393 ipsum
829 3310 998 3394 adiretur],
1024 3313 1110 3395 quod
1134 3317 1169 3378 et

230 3485 244 3532 1
264 3480 310 3536 ΡΙ.
328 3481 358 3536 id
376 3483 459 3551 quod.
