2422 3976
361 190 386 241 b.
408 182 620 241 moturos
638 184 786 242 Perseus
1011 186 1079 253 433

452 364 502 431 De
523 366 692 432 mouduto?

152 480 229 549 129.
256 480 294 546 D.
310 482 341 567 3,
359 480 391 567 5,
409 482 462 547 42.
507 479 617 545 Labeo
640 480 724 547 libro
748 486 839 547 sexto
863 484 1078 566 posteriorum

63 570 317 653 epitomatorum
332 593 351 635 a
364 569 526 635 Iavoleno.
543 605 581 616 —
598 568 677 635 Oum
690 572 855 653 peeuuiom
873 573 938 636 eius
956 574 1080 638 uoruiue
1182 594 1189 607 ·

63 660 205 740 uiuum,
227 660 282 741 qui
304 659 360 724 tubi
381 659 462 723 uibit
485 660 695 742 nunciaverat,
718 662 905 744 nepotiorum
925 667 1079 744 postorum

63 750 141 815 uotio
170 748 227 815 tubi
247 749 400 831 competit,
427 768 497 813 eum
526 769 563 813 eu
584 748 733 813 solutione
755 749 870 814 debitor
892 770 913 813 u
935 752 1080 816 creditore

64 836 213 903 liberatus
234 837 302 918 siu,
323 838 388 902 uisi
409 838 439 902 si
457 838 535 919 quid
550 836 694 901 debitoris
711 838 854 919 interfuit
870 858 938 902 eom
952 840 1079 920 peeuud

65 947 118 993 um
138 946 205 993 uou
226 925 328 1006 sotei).

454 1012 504 1079 De
526 1014 687 1080 soeuuu?

153 1128 228 1197 130.
247 1128 286 1194 D.
303 1131 352 1211 17,
365 1128 396 1210 2,
411 1130 463 1195 84.
494 1127 603 1194 Labeo
621 1128 706 1194 libro
721 1133 812 1194 sexto
826 1130 1042 1213 posteriorum
1059 1154 1078 1195 a

63 1218 219 1285 Iavoleno
233 1218 489 1302 epitomatorem.
502 1254 543 1266 -
556 1218 700 1299 Quotiens
712 1220 800 1284 iussu
813 1219 946 1283 diruetur
954 1219 1000 1283 oei
1008 1241 1077 1284 uum

62 1308 130 1391 filio
142 1308 210 1374 etue
221 1306 268 1373 uei
281 1328 351 1373 uum
363 1312 507 1373 ubuum
519 1309 645 1373 societur
658 1308 765 1391 coitur,
783 1309 894 1372 direeto
909 1329 978 1372 oum
991 1309 1078 1374 iilius

55 1416 195 1481 perarua
217 1396 270 1499 opi
287 1415 384 1480 porse,
406 1397 495 1462 ouius
512 1417 647 1479 persoua
665 1398 700 1459 iu
717 1396 924 1462 mutabunda
940 1398 1078 1463 sooieme

62 1489 199 1571 mm
218 1489 269 1554 m
428 1572 478 1639 De
501 1574 569 1639 iure
590 1574 716 1639 dotium.

154 1689 229 1754 131.
261 1686 300 1753 D.
314 1690 367 1771 23,
381 1688 411 1772 3,
427 1689 467 1752 79
482 1712 529 1773 pr.
574 1687 683 1753 Labeo
712 1690 797 1753 libro
827 1692 917 1754 sexto
944 1691 1078 1774 posteri-

64 1800 156 1844 orum
178 1800 198 1842 a
215 1777 366 1843 Iauoleno
390 1777 650 1862 epitomatorem.
670 1815 711 1825 -
731 1779 820 1843 Aous
837 1780 937 1860 ueptis
954 1781 1079 1845 uomiue

65 1868 130 1951 filio
151 1871 246 1933 uotae
264 1886 374 1948 peroro
395 1867 495 1931 ἅοίεηι
516 1867 598 1931 dedit
619 1871 648 1930 et
664 1868 804 1931 ruer-itur.
844 1872 935 1950 uepot
952 1867 1079 1934 Seruius

66 1957 162 2022 dotem
190 1954 234 2021 ud
251 1960 377 2038 putrem
399 1956 507 2020 reuerti
529 1960 558 2019 et
579 1975 630 2037 epo
652 1976 722 2020 oum
744 1954 850 2021 Seruio
873 1957 977 2040 seutio,
1002 1959 1078 2039 quio

67 2064 125 2111 nou
142 2048 245 2128 poue
264 2045 363 2109 uideri
384 2044 424 2109 ab
446 2065 479 2108 eo
498 2044 645 2125 proferto,
667 2045 742 2125 quio
759 2045 838 2108 uitii
855 2065 892 2109 eu
909 2044 959 2109 bis
977 2043 1009 2130 (2
1023 2048 1078 2128 qui

67 2132 144 2199 oded
165 2133 326 2211 euberes?)
347 2134 399 2197 sui
419 2132 582 2197 tabuisset.

154 2223 228 2288 132.
260 2221 299 2286 D.
317 2222 394 2285 ibid.
412 2223 429 2301 ξ
450 2222 477 2286 1.
509 2258 545 2267 -
576 2220 672 2285 Potor
698 2222 783 2302 bitae
809 2223 932 2300 uomiue
958 2226 1078 2288 eeuturu

67 2310 129 2377 doti
145 2312 194 2375 itu
211 2311 291 2374 dixit
295 2307 308 2346 ¹
326 2310 406 2374 ‘eum
424 2311 702 2375 commodissimum
719 2308 814 2375 esset'.
851 2311 963 2375 Ateius
979 2313 1077 2393 scrip

67 2400 106 2465 er
131 2397 275 2465 muium
301 2400 503 2481 respondisse,
536 2420 605 2462 euru
626 2400 768 2480 primum
795 2400 861 2463 siue
888 2401 1077 2481 turpitudine

66 2489 252 2568 etiufumia
274 2489 347 2553 dori
363 2489 477 2571 possit,
453 2488 608 2552 tdeberi.

153 2600 244 2675 Apud
257 2599 429 2659 Labeonem
443 2618 561 2676 quoquo
575 2599 605 2657 ΙΙ
622 2601 638 2657 1
643 2619 692 2674 ‚.p
706 2600 769 2658 203
785 2599 821 2656 de
836 2546 892 2658 hoo
906 2599 1076 2677 fragmento

66 2686 224 2748 dieendum
247 2690 321 2748 erat.

156 2787 231 2854 133.
253 2788 293 2853 D.
307 2790 360 2870 23,
375 2790 404 2873 3,
420 2789 470 2854 80.
500 2787 670 2853 Iavolenus
684 2787 767 2852 libro
783 2792 873 2853 sexto
889 2810 927 2852 ex
941 2796 1015 2873 post
1017 2790 1076 2854 eri·

65 2878 177 2945 oribus
204 2877 372 2942 Labeonis.
404 2914 442 2923 —
472 2876 509 2942 Si
536 2878 649 2941 debitor
674 2877 815 2942 mulieris
842 2878 941 2942 dotem
967 2899 1076 2961 sporum

58 2967 242 3051 prornisertt
257 2966 433 3050 (altrudi),
448 2985 535 3047 posse
552 2965 710 3029 mutierem
728 2971 799 3029 oute
816 2968 942 3048 uuptius
957 2988 978 3031 u
996 2968 1074 3031 debi-

64 3060 127 3121 tore
153 3076 221 3120 eom
242 3056 409 3137 peeuuiuru
433 3060 532 3137 petere
554 3073 649 3135 ueque
670 3074 703 3117 eo
725 3056 849 3119 uomiue
866 3060 973 3137 postea
995 3056 1074 3120 debi-

63 3148 161 3211 torem
191 3145 258 3209 viro
287 3144 454 3226 obiipotum
478 3143 623 3225 futurum
649 3144 697 3206 uit
723 3142 832 3207 Labeo.
880 3144 998 3223 fulsum
1024 3149 1075 3225 est,

62 3234 141 3317 quia
161 3253 199 3297 eu
210 3234 378 3315 proteum
396 3235 431 3296 iu
443 3233 589 3314 peudeuti
606 3236 687 3314 esset,
710 3233 802 3297 doueo
820 3232 962 3314 obtipotio
980 3233 1014 3295 iu
1033 3253 1070 3296 eu

61 3342 162 3389 oum
183 3326 234 3387 ert.

153 3424 190 3485 of.
213 3424 254 3504 11,
279 3427 295 3483 1
320 3443 349 3498 p.
371 3425 442 3483 164.

136 3562 152 3611 1
174 3558 250 3613 ΤηἸ).
269 3556 406 3626 promisit.

116 3656 214 3707 mppr.
228 3656 345 3697 antehadr.
359 3656 406 3698 rell
422 3656 455 3698 ed.
469 3658 570 3701 Bremer.
593 3659 626 3713 H,
641 3660 660 3703 2.
837 3653 877 3702 23
940 3650 942 3655 ’
