<?xml version="1.0" encoding="UTF-8"?>
<!DOCTYPE html PUBLIC "-//W3C//DTD XHTML 1.0 Transitional//EN"
    "http://www.w3.org/TR/xhtml1/DTD/xhtml1-transitional.dtd">
<html xmlns="http://www.w3.org/1999/xhtml" xml:lang="en" lang="en">
 <head>
  <title>
</title>
<meta http-equiv="Content-Type" content="text/html;charset=utf-8" />
  <meta name='ocr-system' content='tesseract 3.04.00' />
  <meta name='ocr-capabilities' content='ocr_page ocr_carea ocr_par ocr_line ocrx_word'/>
</head>
<body>
  <div class='ocr_page' id='page_1' title='image "./iurisprudentiae01bremgoog_0406.png"; bbox 0 0 2422 3976; ppageno 0'>
   <div class='ocr_carea' id='block_1_1' title="bbox 415 182 1068 254">
    <p class='ocr_par' dir='ltr' id='par_1_1' title="bbox 415 182 1068 254">
     <span class='ocr_line' id='line_1_1' title="bbox 415 182 1068 254; baseline 0.003 -17"><span class='ocrx_word' id='word_1_1' title='bbox 415 191 439 239; x_wconf 77' lang='lat' dir='ltr'>s</span> <span class='ocrx_word' id='word_1_2' title='bbox 462 182 578 240; x_wconf 83' lang='lat' dir='ltr'>mnus</span> <span class='ocrx_word' id='word_1_3' title='bbox 595 184 724 241; x_wconf 78' lang='lat' dir='ltr'>mrsro</span> <span class='ocrx_word' id='word_1_4' title='bbox 1006 188 1068 254; x_wconf 76' lang='lat'>371</span> 
     </span>
    </p>
   </div>
   <div class='ocr_carea' id='block_1_2' title="bbox 64 351 1072 519">
    <p class='ocr_par' dir='ltr' id='par_1_2' title="bbox 64 351 1072 502">
     <span class='ocr_line' id='line_1_2' title="bbox 65 351 1072 437; baseline 0.004 -24"><span class='ocrx_word' id='word_1_5' title='bbox 65 352 211 430; x_wconf 79' lang='lat' dir='ltr'>sufficere3</span> <span class='ocrx_word' id='word_1_6' title='bbox 242 370 307 413; x_wconf 87' lang='lat' dir='ltr'>esse</span> <span class='ocrx_word' id='word_1_7' title='bbox 332 351 410 412; x_wconf 90' lang='lat' dir='ltr'>enim</span> <span class='ocrx_word' id='word_1_8' title='bbox 434 355 633 430; x_wconf 84' lang='lat' dir='ltr'>contractum,</span> <span class='ocrx_word' id='word_1_9' title='bbox 656 355 735 429; x_wconf 90' lang='lat' dir='ltr'>quod</span> <span class='ocrx_word' id='word_1_10' title='bbox 757 353 860 415; x_wconf 77' lang='lat' dir='ltr'><strong>Aristo</strong></span> <span class='ocrx_word' id='word_1_11' title='bbox 884 355 1072 437; x_wconf 76' lang='grc' dir='ltr'><em>συνάλλαγμα</em></span> 
     </span>
     <span class='ocr_line' id='line_1_3' title="bbox 64 397 622 519; baseline 0 -17"><span class='ocrx_word' id='word_1_12' title='bbox 64 442 146 519; x_wconf 87' lang='lat' dir='ltr'>dicit,</span> <span class='ocrx_word' id='word_1_13' title='bbox 167 397 250 501; x_wconf 78' lang='lat' dir='ltr'>mide</span> <span class='ocrx_word' id='word_1_14' title='bbox 271 441 345 501; x_wconf 88' lang='lat' dir='ltr'>baec</span> <span class='ocrx_word' id='word_1_15' title='bbox 367 441 502 502; x_wconf 86' lang='lat' dir='ltr'>nascitur</span> <span class='ocrx_word' id='word_1_16' title='bbox 524 435 622 502; x_wconf 84' lang='lat' dir='ltr'>actio&#39;.</span> 
     </span>
    </p>
   </div>
   <div class='ocr_carea' id='block_1_3' title="bbox 453 612 672 680">
    <p class='ocr_par' dir='ltr' id='par_1_3' title="bbox 453 612 672 680">
     <span class='ocr_line' id='line_1_4' title="bbox 453 612 672 680; baseline -0.005 -1"><span class='ocrx_word' id='word_1_17' title='bbox 453 612 505 679; x_wconf 85' lang='lat' dir='ltr'>De</span> <span class='ocrx_word' id='word_1_18' title='bbox 526 615 672 680; x_wconf 59' lang='lat' dir='ltr'>cornute.</span> 
     </span>
    </p>
   </div>
   <div class='ocr_carea' id='block_1_4' title="bbox 10 736 1070 1713">
    <p class='ocr_par' dir='ltr' id='par_1_4' title="bbox 10 736 1070 1713">
     <span class='ocr_line' id='line_1_5' title="bbox 150 736 1070 823; baseline 0.005 -19"><span class='ocrx_word' id='word_1_19' title='bbox 150 740 202 804; x_wconf 93' lang='grc'>11.</span> <span class='ocrx_word' id='word_1_20' title='bbox 228 737 269 804; x_wconf 91' lang='lat' dir='ltr'>D.</span> <span class='ocrx_word' id='word_1_21' title='bbox 285 739 336 821; x_wconf 81' lang='lat'>17,</span> <span class='ocrx_word' id='word_1_22' title='bbox 349 739 381 821; x_wconf 96' lang='grc'>2,</span> <span class='ocrx_word' id='word_1_23' title='bbox 395 738 446 804; x_wconf 89' lang='grc'>62.</span> <span class='ocrx_word' id='word_1_24' title='bbox 492 736 691 823; x_wconf 82' lang='lat' dir='ltr'>Pomponius</span> <span class='ocrx_word' id='word_1_25' title='bbox 718 738 802 804; x_wconf 93' lang='lat' dir='ltr'>libro</span> <span class='ocrx_word' id='word_1_26' title='bbox 827 740 1070 810; x_wconf 90' lang='lat' dir='ltr'>tertiodecimo</span> 
     </span>
     <span class='ocr_line' id='line_1_6' title="bbox 62 824 1070 915; baseline 0.001 -20"><span class='ocrx_word' id='word_1_27' title='bbox 62 829 99 895; x_wconf 86' lang='lat' dir='ltr'>ad</span> <span class='ocrx_word' id='word_1_28' title='bbox 131 826 292 895; x_wconf 83' lang='lat' dir='ltr'>Sabinum</span> <span class='ocrx_word' id='word_1_29' title='bbox 325 824 373 912; x_wconf 91' lang='lat' dir='ltr'>(P.</span> <span class='ocrx_word' id='word_1_30' title='bbox 391 826 480 909; x_wconf 80' lang='lat'><strong>586).</strong></span> <span class='ocrx_word' id='word_1_31' title='bbox 509 862 554 874; x_wconf 92' lang='lat'>-·</span> <span class='ocrx_word' id='word_1_32' title='bbox 584 824 620 891; x_wconf 84' lang='lat' dir='ltr'>Si</span> <span class='ocrx_word' id='word_1_33' title='bbox 651 826 758 892; x_wconf 83' lang='lat' dir='ltr'>Titius</span> <span class='ocrx_word' id='word_1_34' title='bbox 791 850 863 894; x_wconf 90' lang='lat' dir='ltr'>oum</span> <span class='ocrx_word' id='word_1_35' title='bbox 895 851 959 915; x_wconf 90' lang='lat' dir='ltr'>quo</span> <span class='ocrx_word' id='word_1_36' title='bbox 989 831 1070 896; x_wconf 90' lang='lat' dir='ltr'>mihi</span> 
     </span>
     <span class='ocr_line' id='line_1_7' title="bbox 64 915 1070 1002; baseline 0.002 -20"><span class='ocrx_word' id='word_1_37' title='bbox 64 917 201 983; x_wconf 80' lang='lat' dir='ltr'>societas</span> <span class='ocrx_word' id='word_1_38' title='bbox 238 920 309 982; x_wconf 86' lang='lat' dir='ltr'>erat</span> <span class='ocrx_word' id='word_1_39' title='bbox 346 915 520 981; x_wconf 82' lang='lat' dir='ltr'>decesserit</span> <span class='ocrx_word' id='word_1_40' title='bbox 551 936 674 1002; x_wconf 83' lang='lat' dir='ltr'>egoque</span> <span class='ocrx_word' id='word_1_41' title='bbox 706 938 779 981; x_wconf 91' lang='lat' dir='ltr'>cum</span> <span class='ocrx_word' id='word_1_42' title='bbox 810 922 958 1001; x_wconf 87' lang='lat' dir='ltr'>putarem</span> <span class='ocrx_word' id='word_1_43' title='bbox 990 918 1070 984; x_wconf 81' lang='lat' dir='ltr'><strong>Titii</strong></span> 
     </span>
     <span class='ocr_line' id='line_1_8' title="bbox 62 1002 1069 1088; baseline 0.002 -16"><span class='ocrx_word' id='word_1_44' title='bbox 62 1005 274 1073; x_wconf 71' lang='lat' dir='ltr'>hereditatem</span> <span class='ocrx_word' id='word_1_45' title='bbox 301 1004 342 1069; x_wconf 86' lang='lat' dir='ltr'>ad</span> <span class='ocrx_word' id='word_1_46' title='bbox 365 1002 475 1070; x_wconf 82' lang='lat' dir='ltr'>Seium</span> <span class='ocrx_word' id='word_1_47' title='bbox 498 1005 672 1088; x_wconf 89' lang='lat' dir='ltr'>pertinere,</span> <span class='ocrx_word' id='word_1_48' title='bbox 701 1007 912 1071; x_wconf 86' lang='lat' dir='ltr'>communiter</span> <span class='ocrx_word' id='word_1_49' title='bbox 934 1029 1008 1073; x_wconf 90' lang='lat' dir='ltr'>cum</span> <span class='ocrx_word' id='word_1_50' title='bbox 1031 1030 1069 1075; x_wconf 91' lang='lat' dir='ltr'>eo</span> 
     </span>
     <span class='ocr_line' id='line_1_9' title="bbox 61 1093 1067 1177; baseline 0 -16"><span class='ocrx_word' id='word_1_51' title='bbox 61 1116 109 1161; x_wconf 83' lang='lat' dir='ltr'>res</span> <span class='ocrx_word' id='word_1_52' title='bbox 136 1093 336 1160; x_wconf 82' lang='lat' dir='ltr'>vendiderim</span> <span class='ocrx_word' id='word_1_53' title='bbox 363 1098 395 1157; x_wconf 86' lang='lat' dir='ltr'>et</span> <span class='ocrx_word' id='word_1_54' title='bbox 422 1095 550 1177; x_wconf 87' lang='lat' dir='ltr'>partem</span> <span class='ocrx_word' id='word_1_55' title='bbox 573 1093 727 1177; x_wconf 84' lang='lat' dir='ltr'>pecuniae</span> <span class='ocrx_word' id='word_1_56' title='bbox 751 1115 789 1158; x_wconf 86' lang='lat' dir='ltr'>ex</span> <span class='ocrx_word' id='word_1_57' title='bbox 812 1095 996 1160; x_wconf 78' lang='lat' dir='ltr'>venditione</span> <span class='ocrx_word' id='word_1_58' title='bbox 1019 1118 1067 1162; x_wconf 90' lang='lat' dir='ltr'>re·</span> 
     </span>
     <span class='ocr_line' id='line_1_10' title="bbox 61 1178 1068 1268; baseline 0 -18"><span class='ocrx_word' id='word_1_59' title='bbox 61 1183 172 1250; x_wconf 77' lang='lat' dir='ltr'>doctae</span> <span class='ocrx_word' id='word_1_60' title='bbox 200 1203 275 1268; x_wconf 79' lang='lat' dir='ltr'>ego,</span> <span class='ocrx_word' id='word_1_61' title='bbox 301 1186 429 1266; x_wconf 91' lang='lat' dir='ltr'>partem</span> <span class='ocrx_word' id='word_1_62' title='bbox 452 1178 544 1246; x_wconf 82' lang='lat' dir='ltr'>Seius</span> <span class='ocrx_word' id='word_1_63' title='bbox 571 1182 754 1266; x_wconf 77' lang='lat' dir='ltr'>abstulerit,</span> <span class='ocrx_word' id='word_1_64' title='bbox 782 1187 829 1266; x_wconf 87' lang='lat' dir='ltr'>te,</span> <span class='ocrx_word' id='word_1_65' title='bbox 856 1184 912 1268; x_wconf 92' lang='lat' dir='ltr'>qui</span> <span class='ocrx_word' id='word_1_66' title='bbox 933 1206 968 1249; x_wconf 90' lang='lat' dir='ltr'>re</span> <span class='ocrx_word' id='word_1_67' title='bbox 991 1206 1068 1250; x_wconf 84' lang='lat' dir='ltr'>vera</span> 
     </span>
     <span class='ocr_line' id='line_1_11' title="bbox 60 1268 1068 1356; baseline 0.002 -19"><span class='ocrx_word' id='word_1_68' title='bbox 60 1270 144 1338; x_wconf 78' lang='lat' dir='ltr'>Titio</span> <span class='ocrx_word' id='word_1_69' title='bbox 167 1272 263 1337; x_wconf 86' lang='lat' dir='ltr'>heres</span> <span class='ocrx_word' id='word_1_70' title='bbox 285 1293 329 1354; x_wconf 90' lang='lat' dir='ltr'>es,</span> <span class='ocrx_word' id='word_1_71' title='bbox 351 1274 478 1354; x_wconf 90' lang='lat' dir='ltr'>partem</span> <span class='ocrx_word' id='word_1_72' title='bbox 501 1268 542 1334; x_wconf 85' lang='lat' dir='ltr'>ad</span> <span class='ocrx_word' id='word_1_73' title='bbox 560 1291 611 1334; x_wconf 89' lang='lat' dir='ltr'>me</span> <span class='ocrx_word' id='word_1_74' title='bbox 629 1271 779 1336; x_wconf 86' lang='lat' dir='ltr'>redactae</span> <span class='ocrx_word' id='word_1_75' title='bbox 797 1273 951 1356; x_wconf 88' lang='lat' dir='ltr'>pecuniae</span> <span class='ocrx_word' id='word_1_76' title='bbox 971 1275 1068 1340; x_wconf 88' lang='lat' dir='ltr'>socie-</span> 
     </span>
     <span class='ocr_line' id='line_1_12' title="bbox 60 1358 1068 1427; baseline 0.001 -1"><span class='ocrx_word' id='word_1_77' title='bbox 60 1361 137 1427; x_wconf 84' lang='lat' dir='ltr'>tatis</span> <span class='ocrx_word' id='word_1_78' title='bbox 169 1360 289 1426; x_wconf 89' lang='lat' dir='ltr'>indicio</span> <span class='ocrx_word' id='word_1_79' title='bbox 321 1381 387 1424; x_wconf 90' lang='lat' dir='ltr'>non</span> <span class='ocrx_word' id='word_1_80' title='bbox 419 1363 663 1424; x_wconf 91' lang='lat' dir='ltr'>consecuturum</span> <span class='ocrx_word' id='word_1_81' title='bbox 695 1358 829 1424; x_wconf 88' lang='lat' dir='ltr'>Neratio</span> <span class='ocrx_word' id='word_1_82' title='bbox 862 1369 894 1425; x_wconf 93' lang='lat' dir='ltr'>et</span> <span class='ocrx_word' id='word_1_83' title='bbox 921 1360 1068 1427; x_wconf 84' lang='lat' dir='ltr'>Aristoni</span> 
     </span>
     <span class='ocr_line' id='line_1_13' title="bbox 59 1447 1067 1537; baseline -0.001 -21"><span class='ocrx_word' id='word_1_84' title='bbox 59 1449 218 1535; x_wconf 74' lang='lat' dir='ltr'>placebat,</span> <span class='ocrx_word' id='word_1_85' title='bbox 231 1448 308 1534; x_wconf 88' lang='lat' dir='ltr'>quia</span> <span class='ocrx_word' id='word_1_86' title='bbox 321 1468 412 1513; x_wconf 85' lang='lat' dir='ltr'>meae</span> <span class='ocrx_word' id='word_1_87' title='bbox 426 1447 596 1513; x_wconf 84' lang='lat' dir='ltr'>dumtaxat</span> <span class='ocrx_word' id='word_1_88' title='bbox 609 1449 711 1532; x_wconf 87' lang='lat' dir='ltr'>partis</span> <span class='ocrx_word' id='word_1_89' title='bbox 726 1448 833 1532; x_wconf 91' lang='lat' dir='ltr'>pretia</span> <span class='ocrx_word' id='word_1_90' title='bbox 843 1451 1067 1537; x_wconf 80' lang='lat' dir='ltr'>percepissem,</span> 
     </span>
     <span class='ocr_line' id='line_1_14' title="bbox 10 1538 1066 1625; baseline 0.002 -22"><span class='ocrx_word' id='word_1_91' title='bbox 10 1612 14 1625; x_wconf 92' lang='lat'><strong>.</strong></span> <span class='ocrx_word' id='word_1_92' title='bbox 59 1559 160 1624; x_wconf 86' lang='lat' dir='ltr'>usqne</span> <span class='ocrx_word' id='word_1_93' title='bbox 178 1538 355 1621; x_wconf 83' lang='lat' dir='ltr'>interesset,</span> <span class='ocrx_word' id='word_1_94' title='bbox 373 1541 483 1601; x_wconf 90' lang='lat' dir='ltr'>utrum</span> <span class='ocrx_word' id='word_1_95' title='bbox 500 1557 559 1621; x_wconf 88' lang='lat' dir='ltr'>per</span> <span class='ocrx_word' id='word_1_96' title='bbox 577 1558 611 1601; x_wconf 90' lang='lat' dir='ltr'>se</span> <span class='ocrx_word' id='word_1_97' title='bbox 627 1540 737 1621; x_wconf 85' lang='lat' dir='ltr'>partes</span> <span class='ocrx_word' id='word_1_98' title='bbox 751 1559 840 1602; x_wconf 83' lang='lat' dir='ltr'>meas</span> <span class='ocrx_word' id='word_1_99' title='bbox 853 1539 1066 1605; x_wconf 90' lang='lat' dir='ltr'>vendidissem</span> 
     </span>
     <span class='ocr_line' id='line_1_15' title="bbox 10 1626 1066 1713; baseline 0 -19"><span class='ocrx_word' id='word_1_100' title='bbox 10 1708 12 1713; x_wconf 23' lang='grc' dir='ltr'>Ι</span> <span class='ocrx_word' id='word_1_101' title='bbox 60 1648 98 1693; x_wconf 82' lang='lat' dir='ltr'>an</span> <span class='ocrx_word' id='word_1_102' title='bbox 120 1626 335 1694; x_wconf 88' lang='lat' dir='ltr'>communiter</span> <span class='ocrx_word' id='word_1_103' title='bbox 358 1647 431 1691; x_wconf 89' lang='lat' dir='ltr'>cum</span> <span class='ocrx_word' id='word_1_104' title='bbox 451 1646 499 1710; x_wconf 86' lang='lat' dir='ltr'>eo,</span> <span class='ocrx_word' id='word_1_105' title='bbox 523 1626 577 1711; x_wconf 90' lang='lat' dir='ltr'>qui</span> <span class='ocrx_word' id='word_1_106' title='bbox 595 1626 736 1710; x_wconf 88' lang='lat' dir='ltr'>reliquas</span> <span class='ocrx_word' id='word_1_107' title='bbox 754 1630 862 1711; x_wconf 88' lang='lat' dir='ltr'>partes</span> <span class='ocrx_word' id='word_1_108' title='bbox 881 1627 922 1692; x_wconf 91' lang='lat' dir='ltr'>ad</span> <span class='ocrx_word' id='word_1_109' title='bbox 942 1650 976 1693; x_wconf 90' lang='lat' dir='ltr'>se</span> <span class='ocrx_word' id='word_1_110' title='bbox 994 1650 1066 1713; x_wconf 90' lang='lat' dir='ltr'>per-</span> 
     </span>
    </p>
   </div>
   <div class='ocr_carea' id='block_1_5' title="bbox 60 1714 1182 1801">
    <p class='ocr_par' dir='ltr' id='par_1_5' title="bbox 60 1714 1182 1801">
     <span class='ocr_line' id='line_1_16' title="bbox 60 1714 1182 1801; baseline 0.001 -19"><span class='ocrx_word' id='word_1_111' title='bbox 60 1714 161 1783; x_wconf 84' lang='lat' dir='ltr'>tinere</span> <span class='ocrx_word' id='word_1_112' title='bbox 185 1715 314 1781; x_wconf 82' lang='lat' dir='ltr'>diceret</span> <span class='ocrx_word' id='word_1_113' title='bbox 359 1714 503 1799; x_wconf 88' lang='lat' dir='ltr'>alioquin</span> <span class='ocrx_word' id='word_1_114' title='bbox 525 1717 727 1798; x_wconf 89' lang='lat' dir='ltr'>eventurum,</span> <span class='ocrx_word' id='word_1_115' title='bbox 754 1720 792 1780; x_wconf 91' lang='lat' dir='ltr'>ut</span> <span class='ocrx_word' id='word_1_116' title='bbox 815 1716 927 1801; x_wconf 90' lang='lat' dir='ltr'>etiarn,</span> <span class='ocrx_word' id='word_1_117' title='bbox 951 1717 979 1781; x_wconf 90' lang='lat' dir='ltr'>si</span> <span class='ocrx_word' id='word_1_118' title='bbox 1003 1718 1066 1784; x_wconf 95' lang='lat' dir='ltr'>duo</span> <span class='ocrx_word' id='word_1_119' title='bbox 1179 1756 1182 1761; x_wconf 93' lang='lat'>·</span> 
     </span>
    </p>
   </div>
   <div class='ocr_carea' id='block_1_6' title="bbox 56 1802 1066 2335">
    <p class='ocr_par' dir='ltr' id='par_1_6' title="bbox 56 1802 1066 2335">
     <span class='ocr_line' id='line_1_17' title="bbox 60 1802 1066 1888; baseline 0.001 -17"><span class='ocrx_word' id='word_1_120' title='bbox 60 1805 135 1872; x_wconf 86' lang='lat' dir='ltr'>socii</span> <span class='ocrx_word' id='word_1_121' title='bbox 157 1826 228 1870; x_wconf 87' lang='lat' dir='ltr'>rem</span> <span class='ocrx_word' id='word_1_122' title='bbox 250 1802 462 1886; x_wconf 78' lang='lat' dir='ltr'>vendiderint,</span> <span class='ocrx_word' id='word_1_123' title='bbox 484 1802 703 1887; x_wconf 89' lang='lat' dir='ltr'>unusquisque</span> <span class='ocrx_word' id='word_1_124' title='bbox 723 1802 834 1887; x_wconf 84' lang='lat' dir='ltr'>(eius)</span> <span class='ocrx_word' id='word_1_125' title='bbox 857 1806 942 1888; x_wconf 90' lang='lat' dir='ltr'>quod</span> <span class='ocrx_word' id='word_1_126' title='bbox 966 1806 1006 1870; x_wconf 83' lang='lat' dir='ltr'>ad</span> <span class='ocrx_word' id='word_1_127' title='bbox 1031 1829 1066 1872; x_wconf 91' lang='lat' dir='ltr'>se</span> 
     </span>
     <span class='ocr_line' id='line_1_18' title="bbox 58 1891 1066 1978; baseline 0.001 -19"><span class='ocrx_word' id='word_1_128' title='bbox 58 1894 239 1978; x_wconf 88' lang='lat' dir='ltr'>pervenerit</span> <span class='ocrx_word' id='word_1_129' title='bbox 269 1895 398 1977; x_wconf 84' lang='lat' dir='ltr'>purtem</span> <span class='ocrx_word' id='word_1_130' title='bbox 431 1892 524 1957; x_wconf 88' lang='lat' dir='ltr'>alteri</span> <span class='ocrx_word' id='word_1_131' title='bbox 558 1891 723 1957; x_wconf 88' lang='lat' dir='ltr'>societatis</span> <span class='ocrx_word' id='word_1_132' title='bbox 752 1892 870 1958; x_wconf 89' lang='lat' dir='ltr'>iudicio</span> <span class='ocrx_word' id='word_1_133' title='bbox 900 1905 1066 1978; x_wconf 88' lang='lat' dir='ltr'>praestare</span> 
     </span>
     <span class='ocr_line' id='line_1_19' title="bbox 60 1981 1065 2066; baseline -0.001 -17"><span class='ocrx_word' id='word_1_134' title='bbox 60 1981 179 2049; x_wconf 84' lang='lat' dir='ltr'>debeat</span> <span class='ocrx_word' id='word_1_135' title='bbox 210 1981 266 2047; x_wconf 87' lang='lat' dir='ltr'>sed</span> <span class='ocrx_word' id='word_1_136' title='bbox 284 2003 343 2047; x_wconf 91' lang='lat' dir='ltr'>nec</span> <span class='ocrx_word' id='word_1_137' title='bbox 361 1985 395 2046; x_wconf 90' lang='lat' dir='ltr'>ts</span> <span class='ocrx_word' id='word_1_138' title='bbox 414 2001 453 2045; x_wconf 83' lang='lat' dir='ltr'>ex</span> <span class='ocrx_word' id='word_1_139' title='bbox 470 1983 574 2065; x_wconf 88' lang='lat' dir='ltr'>parte,</span> <span class='ocrx_word' id='word_1_140' title='bbox 592 2002 688 2064; x_wconf 81' lang='lat' dir='ltr'>quarn</span> <span class='ocrx_word' id='word_1_141' title='bbox 703 1981 892 2047; x_wconf 88' lang='lat' dir='ltr'>hereditatis</span> <span class='ocrx_word' id='word_1_142' title='bbox 906 1983 1065 2066; x_wconf 86' lang='lat' dir='ltr'>petitione</span> 
     </span>
     <span class='ocr_line' id='line_1_20' title="bbox 58 2069 1064 2155; baseline 0 -19"><span class='ocrx_word' id='word_1_143' title='bbox 58 2070 138 2138; x_wconf 82' lang='lat' dir='ltr'>forte</span> <span class='ocrx_word' id='word_1_144' title='bbox 158 2069 265 2138; x_wconf 84' lang='lat' dir='ltr'>aSeio</span> <span class='ocrx_word' id='word_1_145' title='bbox 284 2073 514 2136; x_wconf 78' lang='lat' dir='ltr'>consecuturus</span> <span class='ocrx_word' id='word_1_146' title='bbox 534 2069 588 2153; x_wconf 92' lang='lat' dir='ltr'>sis,</span> <span class='ocrx_word' id='word_1_147' title='bbox 608 2069 779 2155; x_wconf 87' lang='lat' dir='ltr'>quicquam</span> <span class='ocrx_word' id='word_1_148' title='bbox 799 2070 880 2134; x_wconf 90' lang='lat' dir='ltr'>mihi</span> <span class='ocrx_word' id='word_1_149' title='bbox 898 2077 1064 2154; x_wconf 85' lang='lat' dir='ltr'>praestare</span> 
     </span>
     <span class='ocr_line' id='line_1_21' title="bbox 59 2156 1064 2246; baseline -0.001 -21"><span class='ocrx_word' id='word_1_150' title='bbox 59 2159 179 2246; x_wconf 87' lang='lat' dir='ltr'>debere,</span> <span class='ocrx_word' id='word_1_151' title='bbox 197 2160 274 2245; x_wconf 85' lang='lat' dir='ltr'>quia</span> <span class='ocrx_word' id='word_1_152' title='bbox 291 2158 376 2244; x_wconf 89' lang='lat' dir='ltr'>quod</span> <span class='ocrx_word' id='word_1_153' title='bbox 395 2158 435 2223; x_wconf 88' lang='lat' dir='ltr'>ad</span> <span class='ocrx_word' id='word_1_154' title='bbox 450 2156 558 2224; x_wconf 82' lang='lat' dir='ltr'>Seium</span> <span class='ocrx_word' id='word_1_155' title='bbox 572 2159 764 2243; x_wconf 90' lang='lat' dir='ltr'>pervenerit,</span> <span class='ocrx_word' id='word_1_156' title='bbox 777 2162 905 2223; x_wconf 88' lang='lat' dir='ltr'>tuarum</span> <span class='ocrx_word' id='word_1_157' title='bbox 919 2161 1064 2243; x_wconf 88' lang='lat' dir='ltr'>partium</span> 
     </span>
     <span class='ocr_line' id='line_1_22' title="bbox 56 2246 1064 2335; baseline -0.003 -20"><span class='ocrx_word' id='word_1_158' title='bbox 56 2249 197 2335; x_wconf 86' lang='lat' dir='ltr'>pretinm</span> <span class='ocrx_word' id='word_1_159' title='bbox 221 2246 264 2313; x_wconf 91' lang='lat' dir='ltr'>sit</span> <span class='ocrx_word' id='word_1_160' title='bbox 284 2269 343 2313; x_wconf 89' lang='lat' dir='ltr'>nec</span> <span class='ocrx_word' id='word_1_161' title='bbox 366 2247 407 2311; x_wconf 87' lang='lat' dir='ltr'>ad</span> <span class='ocrx_word' id='word_1_162' title='bbox 430 2269 482 2313; x_wconf 91' lang='lat' dir='ltr'>me</span> <span class='ocrx_word' id='word_1_163' title='bbox 504 2247 678 2313; x_wconf 90' lang='lat' dir='ltr'>habentem</span> <span class='ocrx_word' id='word_1_164' title='bbox 701 2268 808 2312; x_wconf 91' lang='lat' dir='ltr'>meum</span> <span class='ocrx_word' id='word_1_165' title='bbox 831 2248 1000 2332; x_wconf 87' lang='lat' dir='ltr'>quicquam</span> <span class='ocrx_word' id='word_1_166' title='bbox 1025 2271 1064 2313; x_wconf 89' lang='lat' dir='ltr'>ex</span> 
     </span>
    </p>
   </div>
   <div class='ocr_carea' id='block_1_7' title="bbox 57 2336 655 2542">
    <p class='ocr_par' dir='ltr' id='par_1_7' title="bbox 57 2336 655 2542">
     <span class='ocr_line' id='line_1_23' title="bbox 57 2336 366 2407; baseline -0.006 -2"><span class='ocrx_word' id='word_1_167' title='bbox 57 2358 91 2405; x_wconf 87' lang='lat' dir='ltr'>eo</span> <span class='ocrx_word' id='word_1_168' title='bbox 112 2336 218 2407; x_wconf 83' lang='lat' dir='ltr'>redire</span> <span class='ocrx_word' id='word_1_169' title='bbox 241 2336 366 2403; x_wconf 84' lang='lat' dir='ltr'>debeat</span> 
     </span>
     <span class='ocr_line' id='line_1_24' title="bbox 459 2458 655 2542; baseline -0.005 -17"><span class='ocrx_word' id='word_1_170' title='bbox 459 2458 508 2525; x_wconf 84' lang='lat' dir='ltr'>De</span> <span class='ocrx_word' id='word_1_171' title='bbox 529 2461 655 2542; x_wconf 70' lang='lat' dir='ltr'>nuptiis.</span> 
     </span>
    </p>
   </div>
   <div class='ocr_carea' id='block_1_8' title="bbox 52 2582 1062 2847">
    <p class='ocr_par' dir='ltr' id='par_1_8' title="bbox 52 2582 1062 2847">
     <span class='ocr_line' id='line_1_25' title="bbox 143 2582 1062 2669; baseline -0.003 -19"><span class='ocrx_word' id='word_1_172' title='bbox 143 2586 195 2651; x_wconf 88' lang='grc'>12.</span> <span class='ocrx_word' id='word_1_173' title='bbox 231 2584 271 2650; x_wconf 91' lang='lat' dir='ltr'>D.</span> <span class='ocrx_word' id='word_1_174' title='bbox 292 2585 344 2665; x_wconf 83' lang='lat'>23,</span> <span class='ocrx_word' id='word_1_175' title='bbox 362 2585 392 2669; x_wconf 88' lang='grc'>2,</span> <span class='ocrx_word' id='word_1_176' title='bbox 411 2585 463 2650; x_wconf 89' lang='lat'>40.</span> <span class='ocrx_word' id='word_1_177' title='bbox 516 2583 715 2666; x_wconf 90' lang='lat' dir='ltr'>Pomponius</span> <span class='ocrx_word' id='word_1_178' title='bbox 751 2582 834 2646; x_wconf 92' lang='lat' dir='ltr'>libro</span> <span class='ocrx_word' id='word_1_179' title='bbox 872 2585 986 2665; x_wconf 87' lang='lat' dir='ltr'>quarto</span> <span class='ocrx_word' id='word_1_180' title='bbox 1023 2603 1062 2647; x_wconf 87' lang='lat' dir='ltr'>ex</span> 
     </span>
     <span class='ocr_line' id='line_1_26' title="bbox 53 2670 1061 2777; baseline -0.003 -38"><span class='ocrx_word' id='word_1_181' title='bbox 53 2673 182 2742; x_wconf 84' lang='lat' dir='ltr'>Plautio</span> <span class='ocrx_word' id='word_1_182' title='bbox 206 2672 254 2777; x_wconf 88' lang='lat' dir='ltr'>(P.</span> <span class='ocrx_word' id='word_1_183' title='bbox 269 2670 421 2759; x_wconf 86' lang='grc'><strong>340).-</strong></span> <span class='ocrx_word' id='word_1_184' title='bbox 383 2671 558 2738; x_wconf 83' lang='lat' dir='ltr'>-Aristo</span> <span class='ocrx_word' id='word_1_185' title='bbox 581 2671 791 2755; x_wconf 89' lang='lat' dir='ltr'>responditp</span> <span class='ocrx_word' id='word_1_186' title='bbox 770 2670 951 2773; x_wconf 83' lang='lat' dir='ltr'>privignae</span> <span class='ocrx_word' id='word_1_187' title='bbox 961 2671 1061 2736; x_wconf 84' lang='lat' dir='ltr'>filiam</span> 
     </span>
     <span class='ocr_line' id='line_1_27' title="bbox 52 2759 1061 2847; baseline -0.004 -17"><span class='ocrx_word' id='word_1_188' title='bbox 52 2785 117 2830; x_wconf 89' lang='lat' dir='ltr'>non</span> <span class='ocrx_word' id='word_1_189' title='bbox 140 2762 247 2847; x_wconf 81' lang='lat' dir='ltr'>magis</span> <span class='ocrx_word' id='word_1_190' title='bbox 270 2783 402 2826; x_wconf 86' lang='lat' dir='ltr'>uxorem</span> <span class='ocrx_word' id='word_1_191' title='bbox 425 2761 498 2826; x_wconf 90' lang='lat' dir='ltr'>duci</span> <span class='ocrx_word' id='word_1_192' title='bbox 518 2782 613 2845; x_wconf 91' lang='lat' dir='ltr'>posse</span> <span class='ocrx_word' id='word_1_193' title='bbox 632 2783 727 2845; x_wconf 88' lang='lat' dir='ltr'>qnam</span> <span class='ocrx_word' id='word_1_194' title='bbox 746 2760 850 2844; x_wconf 85' lang='lat' dir='ltr'>ipsam</span> <span class='ocrx_word' id='word_1_195' title='bbox 868 2759 1061 2845; x_wconf 86' lang='lat' dir='ltr'>privignam.</span> 
     </span>
    </p>
   </div>
   <div class='ocr_carea' id='block_1_9' title="bbox 423 2954 686 3022">
    <p class='ocr_par' dir='ltr' id='par_1_9' title="bbox 423 2954 686 3022">
     <span class='ocr_line' id='line_1_28' title="bbox 423 2954 686 3022; baseline -0.008 -1"><span class='ocrx_word' id='word_1_196' title='bbox 423 2954 473 3021; x_wconf 87' lang='lat' dir='ltr'>Dc</span> <span class='ocrx_word' id='word_1_197' title='bbox 494 2957 686 3022; x_wconf 74' lang='lat' dir='ltr'>modictiooe.</span> 
     </span>
    </p>
   </div>
   <div class='ocr_carea' id='block_1_10' title="bbox 46 3078 1060 3626">
    <p class='ocr_par' dir='ltr' id='par_1_10' title="bbox 46 3078 1060 3525">
     <span class='ocr_line' id='line_1_29' title="bbox 142 3078 1058 3165; baseline -0.003 -18"><span class='ocrx_word' id='word_1_198' title='bbox 142 3083 193 3149; x_wconf 87' lang='grc'>13.</span> <span class='ocrx_word' id='word_1_199' title='bbox 230 3080 269 3146; x_wconf 94' lang='lat' dir='ltr'>D.</span> <span class='ocrx_word' id='word_1_200' title='bbox 289 3080 387 3164; x_wconf 85' lang='lat'>13,1‚</span> <span class='ocrx_word' id='word_1_201' title='bbox 408 3080 505 3161; x_wconf 86' lang='grc'>12,2.</span> <span class='ocrx_word' id='word_1_202' title='bbox 559 3078 719 3161; x_wconf 88' lang='lat' dir='ltr'>Ulpianus</span> <span class='ocrx_word' id='word_1_203' title='bbox 750 3079 835 3143; x_wconf 91' lang='lat' dir='ltr'>libro</span> <span class='ocrx_word' id='word_1_204' title='bbox 868 3080 1058 3165; x_wconf 81' lang='lat' dir='ltr'>brigensimo</span> 
     </span>
     <span class='ocr_line' id='line_1_30' title="bbox 50 3166 1060 3254; baseline -0.009 -14"><span class='ocrx_word' id='word_1_205' title='bbox 50 3176 167 3240; x_wconf 84' lang='lat' dir='ltr'>octavo</span> <span class='ocrx_word' id='word_1_206' title='bbox 192 3169 232 3235; x_wconf 89' lang='lat' dir='ltr'>ad</span> <span class='ocrx_word' id='word_1_207' title='bbox 256 3168 394 3235; x_wconf 86' lang='lat' dir='ltr'>edictum</span> <span class='ocrx_word' id='word_1_208' title='bbox 413 3167 461 3254; x_wconf 89' lang='lat' dir='ltr'>(P.</span> <span class='ocrx_word' id='word_1_209' title='bbox 473 3166 596 3251; x_wconf 64' lang='lat'>105811).</span> <span class='ocrx_word' id='word_1_210' title='bbox 618 3203 657 3215; x_wconf 91' lang='lat'>—-</span> <span class='ocrx_word' id='word_1_211' title='bbox 677 3166 830 3233; x_wconf 89' lang='lat' dir='ltr'>Neratius</span> <span class='ocrx_word' id='word_1_212' title='bbox 850 3167 941 3233; x_wconf 90' lang='lat' dir='ltr'>libris</span> <span class='ocrx_word' id='word_1_213' title='bbox 959 3167 1060 3232; x_wconf 89' lang='lat' dir='ltr'>Mem-</span> 
     </span>
     <span class='ocr_line' id='line_1_31' title="bbox 48 3255 1060 3341; baseline -0.008 -14"><span class='ocrx_word' id='word_1_214' title='bbox 48 3261 227 3329; x_wconf 83' lang='lat' dir='ltr'>branarum</span> <span class='ocrx_word' id='word_1_215' title='bbox 240 3257 426 3325; x_wconf 83' lang='lat' dir='ltr'>Aristonem</span> <span class='ocrx_word' id='word_1_216' title='bbox 441 3257 640 3322; x_wconf 85' lang='lat' dir='ltr'>existimasse</span> <span class='ocrx_word' id='word_1_217' title='bbox 654 3257 754 3323; x_wconf 85' lang='lat' dir='ltr'>refert</span> <span class='ocrx_word' id='word_1_218' title='bbox 768 3278 849 3340; x_wconf 90' lang='lat' dir='ltr'>eum,</span> <span class='ocrx_word' id='word_1_219' title='bbox 866 3257 917 3322; x_wconf 90' lang='lat' dir='ltr'>cui</span> <span class='ocrx_word' id='word_1_220' title='bbox 930 3255 1060 3341; x_wconf 79' lang='lat' dir='ltr'>pignori</span> 
     </span>
     <span class='ocr_line' id='line_1_32' title="bbox 47 3344 1059 3432; baseline -0.006 -18"><span class='ocrx_word' id='word_1_221' title='bbox 47 3371 100 3417; x_wconf 85' lang='lat' dir='ltr'>res</span> <span class='ocrx_word' id='word_1_222' title='bbox 128 3349 208 3415; x_wconf 87' lang='lat' dir='ltr'>data</span> <span class='ocrx_word' id='word_1_223' title='bbox 234 3347 291 3432; x_wconf 89' lang='lat' dir='ltr'>sit,</span> <span class='ocrx_word' id='word_1_224' title='bbox 318 3346 432 3413; x_wconf 89' lang='lat' dir='ltr'>incerti</span> <span class='ocrx_word' id='word_1_225' title='bbox 459 3345 662 3411; x_wconf 89' lang='lat' dir='ltr'>condictione</span> <span class='ocrx_word' id='word_1_226' title='bbox 685 3348 845 3431; x_wconf 81' lang='lat' dir='ltr'>acturum,</span> <span class='ocrx_word' id='word_1_227' title='bbox 874 3346 901 3410; x_wconf 93' lang='lat' dir='ltr'>si</span> <span class='ocrx_word' id='word_1_228' title='bbox 924 3366 962 3409; x_wconf 85' lang='lat' dir='ltr'>ea</span> <span class='ocrx_word' id='word_1_229' title='bbox 986 3344 1059 3409; x_wconf 88' lang='lat' dir='ltr'>sub·</span> 
     </span>
     <span class='ocr_line' id='line_1_33' title="bbox 46 3439 280 3525; baseline -0.013 -20"><span class='ocrx_word' id='word_1_230' title='bbox 46 3442 144 3525; x_wconf 84' lang='lat' dir='ltr'>repta</span> <span class='ocrx_word' id='word_1_231' title='bbox 166 3439 226 3504; x_wconf 86' lang='lat' dir='ltr'>est</span> <span class='ocrx_word' id='word_1_232' title='bbox 277 3483 280 3487; x_wconf 67' lang='lat'>,</span> 
     </span>
    </p>

    <p class='ocr_par' dir='ltr' id='par_1_11' title="bbox 138 3544 824 3626">
     <span class='ocr_line' id='line_1_34' title="bbox 138 3544 824 3626; baseline -0.009 -16"><span class='ocrx_word' id='word_1_233' title='bbox 138 3548 176 3610; x_wconf 82' lang='lat' dir='ltr'>uf.</span> <span class='ocrx_word' id='word_1_234' title='bbox 195 3547 334 3626; x_wconf 79' lang='lat' dir='ltr'>Pflueger</span> <span class='ocrx_word' id='word_1_235' title='bbox 356 3546 388 3607; x_wconf 87' lang='lat' dir='ltr'>Z.</span> <span class='ocrx_word' id='word_1_236' title='bbox 403 3546 430 3606; x_wconf 91' lang='lat' dir='ltr'>d.</span> <span class='ocrx_word' id='word_1_237' title='bbox 445 3544 735 3623; x_wconf 51' lang='grc' dir='ltr'>εει-8111111111).</span> <span class='ocrx_word' id='word_1_238' title='bbox 752 3548 824 3605; x_wconf 85' lang='lat'><strong>112.</strong></span> 
     </span>
    </p>
   </div>
   <div class='ocr_carea' id='block_1_11' title="bbox 790 3643 845 3680">
    <p class='ocr_par' dir='ltr' id='par_1_12' title="bbox 790 3643 845 3680">
     <span class='ocr_line' id='line_1_35' title="bbox 790 3643 845 3680; baseline -0.036 0"><span class='ocrx_word' id='word_1_239' title='bbox 790 3643 845 3680; x_wconf 69' lang='lat' dir='ltr'>QA*</span> 
     </span>
    </p>
   </div>
   <div class='ocr_carea' id='block_1_12' title="bbox 0 0 1216 3976">
    <p class='ocr_par' dir='ltr' id='par_1_13' title="bbox 0 0 1216 3976">
     <span class='ocr_line' id='line_1_36' title="bbox 0 0 1216 3976; baseline 0 5"><span class='ocrx_word' id='word_1_240' title='bbox 0 0 1216 3976; x_wconf 95' lang='lat' dir='ltr'> </span> 
     </span>
    </p>
   </div>
  </div>
 </body>
</html>
