2422 3976
461 164 739 221 ADDITAMENTA.
799 213 802 222 .
858 196 862 201 ·

464 348 574 444 meaa
595 347 742 445 ancara

102 478 106 486 '
189 474 240 538 36.
270 471 341 537 Gai.
369 474 399 550 3,
430 472 501 537 143.
527 507 566 518 -
592 471 675 535 ..si
699 470 804 534 alieno
828 469 915 535 arbit
916 471 966 536 rio
995 493 1115 564 merces

95 564 259 648 permissa
282 561 334 644 sit,
356 561 445 625 velut
470 559 581 644 quanti
605 558 670 623 Tit
645 561 710 623 trus
738 557 969 642 aestimaverit,
993 556 1116 644 quaeri·

96 661 168 736 tur,
205 672 247 714 an
283 649 402 714 locatio
436 652 469 712 et
501 648 646 713 conduct
637 667 668 712 ιο
706 647 926 720 contrahatur.
974 670 1040 732 qua
1080 649 1115 712 de

97 761 198 804 causa
213 761 239 802 ιι
231 731 366 802 lulloni
376 736 528 822 polienda
539 725 728 815 curandave,
743 736 884 802 sarcinat
885 743 935 801 ori
950 738 1117 802 sarcienda

97 831 171 892 vest
157 827 294 891 timente
321 826 475 908 dederim,
499 827 587 889 nulla
611 825 722 889 statim
750 825 895 890 mercede
925 827 1115 904 constituta,

96 919 215 1000 postea
241 917 370 979 tantum
398 915 531 978 daturus
560 915 675 998 quanti
706 913 790 978 inter
822 935 883 977 nos
918 916 1115 997 convenerit,

98 1003 265 1087 quaeritur
288 1025 330 1068 an
353 1002 472 1068 locatio
496 1011 529 1066 et
547 1002 717 1068 conductio
735 1002 956 1068 contrahatur.

188 1111 238 1176 37.
268 1108 338 1174 Gai.
366 1108 498 1192 3,,144.
527 1146 569 1154 -
598 1102 687 1172 Ιιιιιι
715 1111 743 1172 si
775 1128 841 1173 rem
870 1108 933 1173 tibi
961 1110 1115 1174 utendam

99 1199 241 1263 dederim
280 1202 312 1262 et
347 1197 485 1262 invicem
517 1198 615 1262 aliam
647 1218 714 1260 rem
747 1197 899 1261 utendam
929 1197 1117 1282 acceperim,

98 1287 263 1372 quaeritur
286 1308 328 1350 an
352 1285 469 1351 locatio
493 1289 526 1350 et
545 1285 715 1351 conductio
734 1285 955 1352 contrahatur.

187 1394 239 1458 38.
268 1392 337 1458 Gai.
365 1392 395 1471 3,
424 1392 496 1459 145.
524 1429 560 1439 —
591 1391 682 1457 Adeo
707 1393 881 1476 ..emptio
914 1397 947 1457 et
970 1393 1115 1458 venditio

98 1485 131 1546 et
159 1482 244 1548 locat
231 1482 276 1546 tio
305 1481 473 1546 conductio
501 1481 757 1545 familiaritatem
790 1481 933 1564 aliquam
962 1483 1048 1546 inter
1081 1504 1114 1546 se

97 1570 216 1635 habere
235 1571 344 1635 vident
330 1575 392 1648 tur,
415 1569 483 1634 ut
474 1592 507 1634 ιιι
528 1569 721 1655 quibusdam
740 1569 846 1634 causis
865 1571 979 1654 quaeri
1001 1571 1113 1652 soleat,

99 1663 207 1723 utrum
241 1659 362 1744 emptio
394 1662 427 1722 et
454 1659 599 1723 venditio
628 1658 838 1723 contrahatur
868 1681 912 1723 an
934 1659 1115 1725 locatiot
1084 1665 1115 1723 et

99 1746 245 1812 conduct
221 1753 277 1810 ιι.ο
322 1748 471 1812 veluti
445 1769 473 1811 ιι
495 1769 634 1832 quares
657 1747 692 1810 in
714 1750 906 1831 perpetuum
929 1737 1018 1814 locat
1005 1754 1040 1813 ta
1064 1748 1113 1825 sit,

99 1835 184 1921 quod
199 1836 306 1900 evenit
327 1836 360 1899 in
369 1831 519 1920 praediis
540 1835 738 1920 municipum
755 1857 836 1920 quae
856 1858 895 1900 ea
913 1836 1006 1940 lege·
1006 1838 1112 1902 locan-

99 1928 223 2008 tur,et
190 1924 404 2008 equamdiu
432 1925 571 2009 vectigal
597 1946 690 2008 praes
692 1928 787 2009 tetur,
809 1945 914 2008 neque
942 1926 1008 2010 ipsi
1040 1947 1113 1991 con-

100 2014 226 2079 ductori
249 2035 351 2097 neque
374 2014 484 2079 heredi
508 2015 576 2077 eius
600 2013 784 2098 praedium
791 2013 966 2078 auferatur.

188 2121 240 2184 39.
264 2119 334 2184 Gai.
348 2120 378 2203 3,
395 2120 524 2185 146.-
538 2119 843 2203 Item[[quaer1tur],
867 2120 895 2184 si
915 2120 1110 2205 gladiatores

100 2232 137 2272 ea
164 2210 236 2293 lege
264 2209 324 2272 tibi
352 2208 554 2290 tradiderim,
589 2209 691 2272 utin
721 2208 794 2272 sino
773 2209 865 2293 gulos
901 2210 956 2292 qui
994 2210 1110 2294 integri

100 2298 236 2360 exierint
241 2320 338 2381 ‚pro
372 2297 487 2361 sudore
517 2297 649 2361 denario
679 2296 747 2371 XX
772 2297 852 2360 mihi
881 2297 996 2361 darent
982 2303 1048 2390 tur,
1078 2301 1109 2360 in

100 2408 154 2449 eos
187 2408 263 2450 vero
292 2387 447 2471 singulos
478 2387 532 2469 qui
564 2385 659 2450 occisi
698 2392 754 2450 aut
740 2385 953 2450 tdebilitati
983 2382 1101 2450 fuerin
1089 2395 1108 2460 .‚

100 2475 222 2538 denarii
247 2475 348 2557 mille,
377 2476 541 2558 quaeritur
564 2475 816 2558 utrumemptio
845 2478 878 2538 et
905 2476 1048 2540 venditio
1071 2497 1107 2538 an

99 2565 219 2628 locatio
244 2569 276 2627 et
300 2564 468 2628 conductio
492 2565 711 2628 contrahatur.

156 2671 240 2735 ··40.
269 2669 338 2734 Gai.
363 2671 392 2750 3,
417 2669 489 2734 147.
515 2706 553 2716 -
578 2668 660 2733 Item
685 2671 858 2753 quaeritur,
882 2672 911 2733 si
935 2692 1008 2734 cum
1031 2670 1106 2734 auri-

101 2758 159 2821 fice
188 2760 266 2822 mihi
300 2761 501 2841 convenerit,
532 2763 569 2822 ut
596 2760 623 2822 is
660 2780 696 2821 ex
729 2781 806 2822 auro
836 2780 893 2822 suo
924 2759 1005 2823 certi
1032 2753 1122 2843 pon?

102 2846 185 2909 deris
228 2852 396 2930 certaeque
442 2847 565 2911 formae
613 2847 726 2911 anulos
772 2847 852 2910 mihi
898 2847 1037 2929 ιιιιιιι,ἱ
1076 2853 1104 2909 ιι

101 2936 262 3018 acceperit
289 2938 378 3001 verbi
403 2937 509 3020 gratia
533 2936 681 3000 denarios
707 2933 769 3016 00,
799 2940 908 2998 utrum
935 2938 1103 3019 emptioet

102 3025 244 3087 venditio
269 3047 310 3088 an
335 3024 452 3090 locatio
477 3031 509 3088 et
532 3025 701 3088 conductio
726 3025 947 3090 contrahatur.

190 3137 225 3193 cf.
249 3156 277 3210 p.
304 3138 353 3195 75.

498 3328 709 3339 *aa
