<?xml version="1.0" encoding="UTF-8"?>
<!DOCTYPE html PUBLIC "-//W3C//DTD XHTML 1.0 Transitional//EN"
    "http://www.w3.org/TR/xhtml1/DTD/xhtml1-transitional.dtd">
<html xmlns="http://www.w3.org/1999/xhtml" xml:lang="en" lang="en">
 <head>
  <title>
</title>
<meta http-equiv="Content-Type" content="text/html;charset=utf-8" />
  <meta name='ocr-system' content='tesseract 3.04.00' />
  <meta name='ocr-capabilities' content='ocr_page ocr_carea ocr_par ocr_line ocrx_word'/>
</head>
<body>
  <div class='ocr_page' id='page_1' title='image "./iurisprudentiae01bremgoog_0499.png"; bbox 0 0 2422 3976; ppageno 0'>
   <div class='ocr_carea' id='block_1_1' title="bbox 98 191 1084 256">
    <p class='ocr_par' dir='ltr' id='par_1_1' title="bbox 98 191 1084 256">
     <span class='ocr_line' id='line_1_1' title="bbox 98 191 1084 256; baseline -0.001 -11"><span class='ocrx_word' id='word_1_1' title='bbox 98 193 166 256; x_wconf 86' lang='grc'>464</span> <span class='ocrx_word' id='word_1_2' title='bbox 202 192 234 248; x_wconf 84' lang='lat' dir='ltr'><strong>V.</strong></span> <span class='ocrx_word' id='word_1_3' title='bbox 254 191 403 246; x_wconf 81' lang='lat' dir='ltr'><strong>NERVAE</strong></span> <span class='ocrx_word' id='word_1_4' title='bbox 423 191 469 245; x_wconf 84' lang='lat' dir='ltr'>ET</span> <span class='ocrx_word' id='word_1_5' title='bbox 488 191 641 245; x_wconf 83' lang='lat' dir='ltr'>TRAIANI</span> <span class='ocrx_word' id='word_1_6' title='bbox 659 191 767 247; x_wconf 84' lang='lat' dir='ltr'>TEMP.</span> <span class='ocrx_word' id='word_1_7' title='bbox 785 191 882 247; x_wconf 88' lang='lat' dir='ltr'>IURIS</span> <span class='ocrx_word' id='word_1_8' title='bbox 902 191 1084 248; x_wconf 81' lang='lat' dir='ltr'>GONSULTI</span> 
     </span>
    </p>
   </div>
   <div class='ocr_carea' id='block_1_2' title="bbox 95 359 1142 2120">
    <p class='ocr_par' dir='ltr' id='par_1_2' title="bbox 95 359 1111 1239">
     <span class='ocr_line' id='line_1_2' title="bbox 187 359 1110 437; baseline 0.002 -19"><span class='ocrx_word' id='word_1_9' title='bbox 187 361 222 418; x_wconf 95' lang='lat' dir='ltr'>In</span> <span class='ocrx_word' id='word_1_10' title='bbox 249 359 399 437; x_wconf 87' lang='lat' dir='ltr'>responsis</span> <span class='ocrx_word' id='word_1_11' title='bbox 428 359 490 419; x_wconf 90' lang='lat' dir='ltr'>suis</span> <span class='ocrx_word' id='word_1_12' title='bbox 512 359 673 419; x_wconf 88' lang='lat' dir='ltr'>Iavolenus</span> <span class='ocrx_word' id='word_1_13' title='bbox 700 378 793 436; x_wconf 85' lang='lat' dir='ltr'>aeque</span> <span class='ocrx_word' id='word_1_14' title='bbox 817 359 967 420; x_wconf 82' lang='lat' dir='ltr'>Labeonis</span> <span class='ocrx_word' id='word_1_15' title='bbox 993 363 1110 420; x_wconf 87' lang='lat' dir='ltr'>senten·</span> 
     </span>
     <span class='ocr_line' id='line_1_3' title="bbox 98 441 1111 529; baseline 0.002 -22"><span class='ocrx_word' id='word_1_16' title='bbox 98 451 158 508; x_wconf 84' lang='lat' dir='ltr'>tias</span> <span class='ocrx_word' id='word_1_17' title='bbox 187 449 291 507; x_wconf 87' lang='lat' dir='ltr'>attulit</span> <span class='ocrx_word' id='word_1_18' title='bbox 319 442 445 529; x_wconf 68' lang='lat' dir='ltr'>(Labeo</span> <span class='ocrx_word' id='word_1_19' title='bbox 473 448 647 525; x_wconf 83' lang='lat' dir='ltr'>frequenter</span> <span class='ocrx_word' id='word_1_20' title='bbox 675 441 791 507; x_wconf 87' lang='lat' dir='ltr'>scribit&#39;</span> <span class='ocrx_word' id='word_1_21' title='bbox 815 449 851 508; x_wconf 91' lang='lat' dir='ltr'>D.</span> <span class='ocrx_word' id='word_1_22' title='bbox 866 451 919 526; x_wconf 80' lang='lat'>28,</span> <span class='ocrx_word' id='word_1_23' title='bbox 933 451 963 520; x_wconf 86' lang='lat'>5,</span> <span class='ocrx_word' id='word_1_24' title='bbox 980 451 1038 528; x_wconf 75' lang='lat'>65)</span> <span class='ocrx_word' id='word_1_25' title='bbox 1064 450 1111 510; x_wconf 83' lang='lat' dir='ltr'>vel</span> 
     </span>
     <span class='ocr_line' id='line_1_4' title="bbox 97 529 1110 617; baseline 0.001 -20"><span class='ocrx_word' id='word_1_26' title='bbox 97 536 227 614; x_wconf 84' lang='lat' dir='ltr'>probans</span> <span class='ocrx_word' id='word_1_27' title='bbox 256 529 306 617; x_wconf 89' lang='lat' dir='ltr'><strong>(D.</strong></span> <span class='ocrx_word' id='word_1_28' title='bbox 325 539 345 596; x_wconf 93' lang='lat' dir='ltr'>l.</span> <span class='ocrx_word' id='word_1_29' title='bbox 362 555 386 596; x_wconf 96' lang='lat' dir='ltr'>c.</span> <span class='ocrx_word' id='word_1_30' title='bbox 414 530 514 614; x_wconf 74' lang='lat' dir='ltr'>‘idque</span> <span class='ocrx_word' id='word_1_31' title='bbox 538 557 641 596; x_wconf 89' lang='lat' dir='ltr'>verum</span> <span class='ocrx_word' id='word_1_32' title='bbox 664 555 728 596; x_wconf 86' lang='lat' dir='ltr'>esse</span> <span class='ocrx_word' id='word_1_33' title='bbox 752 538 911 598; x_wconf 85' lang='lat' dir='ltr'>manifesto</span> <span class='ocrx_word' id='word_1_34' title='bbox 934 542 1110 617; x_wconf 81' lang='lat' dir='ltr'>argumento</span> 
     </span>
     <span class='ocr_line' id='line_1_5' title="bbox 98 618 1110 706; baseline 0.002 -21"><span class='ocrx_word' id='word_1_35' title='bbox 98 618 299 705; x_wconf 88' lang='lat' dir='ltr'>comprobat’)</span> <span class='ocrx_word' id='word_1_36' title='bbox 327 626 375 686; x_wconf 84' lang='lat' dir='ltr'>val</span> <span class='ocrx_word' id='word_1_37' title='bbox 402 625 527 684; x_wconf 88' lang='lat' dir='ltr'>reiciens</span> <span class='ocrx_word' id='word_1_38' title='bbox 556 618 606 706; x_wconf 91' lang='lat' dir='ltr'>(D.</span> <span class='ocrx_word' id='word_1_39' title='bbox 623 628 673 703; x_wconf 85' lang='lat'>50,</span> <span class='ocrx_word' id='word_1_40' title='bbox 690 628 740 702; x_wconf 85' lang='lat'>16,</span> <span class='ocrx_word' id='word_1_41' title='bbox 757 627 819 685; x_wconf 88' lang='grc'>116</span> <span class='ocrx_word' id='word_1_42' title='bbox 844 619 1026 702; x_wconf 76' lang='lat' dir='ltr'>‘responditz</span> <span class='ocrx_word' id='word_1_43' title='bbox 1053 647 1110 687; x_wconf 90' lang='lat' dir='ltr'>non</span> 
     </span>
     <span class='ocr_line' id='line_1_6' title="bbox 98 707 1109 796; baseline 0.002 -24"><span class='ocrx_word' id='word_1_44' title='bbox 98 715 204 773; x_wconf 86' lang='lat' dir='ltr'>dubito</span> <span class='ocrx_word' id='word_1_45' title='bbox 228 715 299 790; x_wconf 89' lang='lat' dir='ltr'>quin</span> <span class='ocrx_word' id='word_1_46' title='bbox 322 714 470 773; x_wconf 86' lang='lat' dir='ltr'>Labeonis</span> <span class='ocrx_word' id='word_1_47' title='bbox 492 714 641 774; x_wconf 87' lang='lat' dir='ltr'>sententia</span> <span class='ocrx_word' id='word_1_48' title='bbox 663 732 736 774; x_wconf 83' lang='lat' dir='ltr'>vera</span> <span class='ocrx_word' id='word_1_49' title='bbox 758 733 817 774; x_wconf 91' lang='lat' dir='ltr'>non</span> <span class='ocrx_word' id='word_1_50' title='bbox 841 707 918 796; x_wconf 85' lang='lat' dir='ltr'>sit&#39;).</span> <span class='ocrx_word' id='word_1_51' title='bbox 965 716 1025 776; x_wconf 85' lang='lat' dir='ltr'>alio</span> <span class='ocrx_word' id='word_1_52' title='bbox 1048 717 1109 775; x_wconf 92' lang='lat' dir='ltr'>loco</span> 
     </span>
     <span class='ocr_line' id='line_1_7' title="bbox 99 796 1106 884; baseline 0.003 -23"><span class='ocrx_word' id='word_1_53' title='bbox 99 803 201 862; x_wconf 86' lang='lat' dir='ltr'>Sabini</span> <span class='ocrx_word' id='word_1_54' title='bbox 236 803 414 862; x_wconf 87' lang='lat' dir='ltr'>sententiam</span> <span class='ocrx_word' id='word_1_55' title='bbox 447 803 534 862; x_wconf 87' lang='lat' dir='ltr'>affert</span> <span class='ocrx_word' id='word_1_56' title='bbox 564 822 654 878; x_wconf 90' lang='lat' dir='ltr'>quam</span> <span class='ocrx_word' id='word_1_57' title='bbox 686 803 820 879; x_wconf 85' lang='lat' dir='ltr'>sequitur</span> <span class='ocrx_word' id='word_1_58' title='bbox 853 796 904 884; x_wconf 90' lang='lat' dir='ltr'><strong>(D.</strong></span> <span class='ocrx_word' id='word_1_59' title='bbox 924 806 978 878; x_wconf 84' lang='lat'>45,</span> <span class='ocrx_word' id='word_1_60' title='bbox 1000 808 1028 874; x_wconf 91' lang='lat'>1,</span> <span class='ocrx_word' id='word_1_61' title='bbox 1049 807 1106 865; x_wconf 86' lang='lat'>105</span> 
     </span>
     <span class='ocr_line' id='line_1_8' title="bbox 97 887 1107 970; baseline 0.003 -20"><span class='ocrx_word' id='word_1_62' title='bbox 97 887 276 968; x_wconf 65' lang='lat' dir='ltr'>‘respondit</span> <span class='ocrx_word' id='word_1_63' title='bbox 305 891 466 951; x_wconf 89' lang='lat' dir='ltr'>secundum</span> <span class='ocrx_word' id='word_1_64' title='bbox 490 892 630 950; x_wconf 84' lang='lat' dir='ltr'>Massurii</span> <span class='ocrx_word' id='word_1_65' title='bbox 654 891 757 950; x_wconf 87' lang='lat' dir='ltr'>Sabini</span> <span class='ocrx_word' id='word_1_66' title='bbox 785 891 956 968; x_wconf 88' lang='lat' dir='ltr'>opinionem</span> <span class='ocrx_word' id='word_1_67' title='bbox 985 895 1058 970; x_wconf 90' lang='lat' dir='ltr'>puto</span> <span class='ocrx_word' id='word_1_68' title='bbox 1080 897 1107 952; x_wconf 87' lang='lat' dir='ltr'>te</span> 
     </span>
     <span class='ocr_line' id='line_1_9' title="bbox 99 973 1106 1064; baseline 0.002 -25"><span class='ocrx_word' id='word_1_69' title='bbox 99 999 253 1056; x_wconf 83' lang='lat' dir='ltr'>...agere</span> <span class='ocrx_word' id='word_1_70' title='bbox 273 999 332 1038; x_wconf 89' lang='lat' dir='ltr'>non</span> <span class='ocrx_word' id='word_1_71' title='bbox 349 998 449 1055; x_wconf 74' lang='lat' dir='ltr'>posse,</span> <span class='ocrx_word' id='word_1_72' title='bbox 473 999 542 1038; x_wconf 84' lang='lat' dir='ltr'>nam</span> <span class='ocrx_word' id='word_1_73' title='bbox 560 981 586 1039; x_wconf 90' lang='lat' dir='ltr'>is</span> <span class='ocrx_word' id='word_1_74' title='bbox 604 983 685 1040; x_wconf 88' lang='lat' dir='ltr'>recte</span> <span class='ocrx_word' id='word_1_75' title='bbox 703 980 905 1056; x_wconf 85' lang='lat' dir='ltr'>existimabat,</span> <span class='ocrx_word' id='word_1_76' title='bbox 924 973 988 1064; x_wconf 88' lang='lat' dir='ltr'>si&#39;).</span> <span class='ocrx_word' id='word_1_77' title='bbox 1030 982 1106 1041; x_wconf 86' lang='lat' dir='ltr'>deni·</span> 
     </span>
     <span class='ocr_line' id='line_1_10' title="bbox 95 1069 1107 1146; baseline 0 -18"><span class='ocrx_word' id='word_1_78' title='bbox 95 1088 155 1146; x_wconf 88' lang='lat' dir='ltr'>que</span> <span class='ocrx_word' id='word_1_79' title='bbox 186 1069 307 1128; x_wconf 84' lang='lat' dir='ltr'>Proculi</span> <span class='ocrx_word' id='word_1_80' title='bbox 344 1070 521 1128; x_wconf 85' lang='lat' dir='ltr'>sententiam</span> <span class='ocrx_word' id='word_1_81' title='bbox 559 1087 577 1127; x_wconf 89' lang='lat' dir='ltr'>a</span> <span class='ocrx_word' id='word_1_82' title='bbox 613 1070 787 1128; x_wconf 79' lang='lat' dir='ltr'>consulente</span> <span class='ocrx_word' id='word_1_83' title='bbox 824 1069 955 1146; x_wconf 87' lang='lat' dir='ltr'>quodam</span> <span class='ocrx_word' id='word_1_84' title='bbox 988 1071 1107 1130; x_wconf 80' lang='lat' dir='ltr'>allatam</span> 
     </span>
     <span class='ocr_line' id='line_1_11' title="bbox 97 1149 1106 1239; baseline 0.001 -23"><span class='ocrx_word' id='word_1_85' title='bbox 97 1159 206 1233; x_wconf 88' lang='lat' dir='ltr'>probat</span> <span class='ocrx_word' id='word_1_86' title='bbox 228 1149 279 1238; x_wconf 91' lang='lat' dir='ltr'>(D.</span> <span class='ocrx_word' id='word_1_87' title='bbox 295 1159 391 1232; x_wconf 81' lang='lat'>28,5‚</span> <span class='ocrx_word' id='word_1_88' title='bbox 408 1160 446 1216; x_wconf 94' lang='grc'>11</span> <span class='ocrx_word' id='word_1_89' title='bbox 472 1151 651 1234; x_wconf 73' lang='lat' dir='ltr'>‘rosponditz</span> <span class='ocrx_word' id='word_1_90' title='bbox 674 1177 748 1218; x_wconf 81' lang='lat' dir='ltr'>vera</span> <span class='ocrx_word' id='word_1_91' title='bbox 770 1161 816 1216; x_wconf 88' lang='lat' dir='ltr'>est</span> <span class='ocrx_word' id='word_1_92' title='bbox 834 1158 957 1217; x_wconf 85' lang='lat' dir='ltr'>Proculi</span> <span class='ocrx_word' id='word_1_93' title='bbox 976 1153 1106 1239; x_wconf 88' lang='lat' dir='ltr'>opinic&#39;).</span> 
     </span>
    </p>

    <p class='ocr_par' dir='ltr' id='par_1_3' title="bbox 96 1245 1104 1395">
     <span class='ocr_line' id='line_1_12' title="bbox 186 1245 1104 1325; baseline 0.003 -21"><span class='ocrx_word' id='word_1_94' title='bbox 186 1245 231 1305; x_wconf 86' lang='lat' dir='ltr'>De</span> <span class='ocrx_word' id='word_1_95' title='bbox 259 1246 324 1305; x_wconf 88' lang='lat' dir='ltr'>iure</span> <span class='ocrx_word' id='word_1_96' title='bbox 346 1245 483 1322; x_wconf 83' lang='lat' dir='ltr'>inprimis</span> <span class='ocrx_word' id='word_1_97' title='bbox 507 1246 590 1305; x_wconf 89' lang='lat' dir='ltr'>civili</span> <span class='ocrx_word' id='word_1_98' title='bbox 612 1246 727 1306; x_wconf 88' lang='lat' dir='ltr'>dictum</span> <span class='ocrx_word' id='word_1_99' title='bbox 750 1246 842 1306; x_wconf 86' lang='lat' dir='ltr'>fuisse</span> <span class='ocrx_word' id='word_1_100' title='bbox 866 1251 1010 1325; x_wconf 78' lang='lat' dir='ltr'>apparet3</span> <span class='ocrx_word' id='word_1_101' title='bbox 1036 1248 1104 1307; x_wconf 89' lang='lat' dir='ltr'>imis</span> 
     </span>
     <span class='ocr_line' id='line_1_13' title="bbox 96 1334 531 1395; baseline 0.007 -3"><span class='ocrx_word' id='word_1_102' title='bbox 96 1334 249 1394; x_wconf 83' lang='lat' dir='ltr'>honorarii</span> <span class='ocrx_word' id='word_1_103' title='bbox 271 1335 383 1393; x_wconf 90' lang='lat' dir='ltr'>mentio</span> <span class='ocrx_word' id='word_1_104' title='bbox 406 1354 466 1393; x_wconf 91' lang='lat' dir='ltr'>non</span> <span class='ocrx_word' id='word_1_105' title='bbox 488 1335 531 1395; x_wconf 90' lang='lat' dir='ltr'>fit.</span> 
     </span>
    </p>

    <p class='ocr_par' dir='ltr' id='par_1_4' title="bbox 95 1423 1142 2120">
     <span class='ocr_line' id='line_1_14' title="bbox 186 1423 1102 1492; baseline 0.004 -11"><span class='ocrx_word' id='word_1_106' title='bbox 186 1423 280 1492; x_wconf 82' lang='lat' dir='ltr'>Quem</span> <span class='ocrx_word' id='word_1_107' title='bbox 302 1423 437 1482; x_wconf 88' lang='lat' dir='ltr'>ordinem</span> <span class='ocrx_word' id='word_1_108' title='bbox 454 1424 486 1481; x_wconf 90' lang='lat' dir='ltr'>in</span> <span class='ocrx_word' id='word_1_109' title='bbox 505 1425 594 1483; x_wconf 89' lang='lat' dir='ltr'>rebus</span> <span class='ocrx_word' id='word_1_110' title='bbox 613 1424 792 1483; x_wconf 81' lang='lat' dir='ltr'>collocandis</span> <span class='ocrx_word' id='word_1_111' title='bbox 810 1424 971 1484; x_wconf 83' lang='lat' dir='ltr'>Iavolenus</span> <span class='ocrx_word' id='word_1_112' title='bbox 992 1428 1102 1485; x_wconf 88' lang='lat' dir='ltr'>secutus</span> 
     </span>
     <span class='ocr_line' id='line_1_15' title="bbox 99 1512 1102 1589; baseline 0.004 -19"><span class='ocrx_word' id='word_1_113' title='bbox 99 1512 151 1588; x_wconf 87' lang='lat' dir='ltr'>sit,</span> <span class='ocrx_word' id='word_1_114' title='bbox 179 1531 245 1570; x_wconf 92' lang='lat' dir='ltr'>cum</span> <span class='ocrx_word' id='word_1_115' title='bbox 272 1512 330 1572; x_wconf 84' lang='lat' dir='ltr'>viri</span> <span class='ocrx_word' id='word_1_116' title='bbox 358 1512 440 1571; x_wconf 87' lang='lat' dir='ltr'>docti</span> <span class='ocrx_word' id='word_1_117' title='bbox 467 1531 560 1587; x_wconf 89' lang='lat' dir='ltr'>aeque</span> <span class='ocrx_word' id='word_1_118' title='bbox 589 1515 679 1589; x_wconf 87' lang='lat' dir='ltr'>atque</span> <span class='ocrx_word' id='word_1_119' title='bbox 705 1513 738 1571; x_wconf 91' lang='lat' dir='ltr'>in</span> <span class='ocrx_word' id='word_1_120' title='bbox 760 1513 880 1571; x_wconf 90' lang='lat' dir='ltr'>Proculi</span> <span class='ocrx_word' id='word_1_121' title='bbox 902 1513 1102 1589; x_wconf 76' lang='lat' dir='ltr'>Epistularum</span> 
     </span>
     <span class='ocr_line' id='line_1_16' title="bbox 95 1592 1101 1679; baseline 0.006 -22"><span class='ocrx_word' id='word_1_122' title='bbox 95 1600 182 1658; x_wconf 85' lang='lat' dir='ltr'>libris</span> <span class='ocrx_word' id='word_1_123' title='bbox 201 1595 306 1677; x_wconf 88' lang='lat' dir='ltr'>(supra</span> <span class='ocrx_word' id='word_1_124' title='bbox 324 1620 353 1675; x_wconf 88' lang='lat' dir='ltr'>p.</span> <span class='ocrx_word' id='word_1_125' title='bbox 370 1592 447 1678; x_wconf 92' lang='lat'>111)</span> <span class='ocrx_word' id='word_1_126' title='bbox 467 1620 526 1661; x_wconf 91' lang='lat' dir='ltr'>non</span> <span class='ocrx_word' id='word_1_127' title='bbox 544 1601 747 1679; x_wconf 77' lang='lat' dir='ltr'>cognoverint,</span> <span class='ocrx_word' id='word_1_128' title='bbox 765 1601 815 1661; x_wconf 85' lang='lat' dir='ltr'>vix</span> <span class='ocrx_word' id='word_1_129' title='bbox 830 1602 868 1659; x_wconf 88' lang='lat' dir='ltr'>ad</span> <span class='ocrx_word' id='word_1_130' title='bbox 882 1601 982 1660; x_wconf 92' lang='lat' dir='ltr'>ullum</span> <span class='ocrx_word' id='word_1_131' title='bbox 997 1607 1101 1663; x_wconf 88' lang='lat' dir='ltr'>certum</span> 
     </span>
     <span class='ocr_line' id='line_1_17' title="bbox 95 1688 1142 1769; baseline 0.002 -22"><span class='ocrx_word' id='word_1_132' title='bbox 95 1688 231 1747; x_wconf 90' lang='lat' dir='ltr'>ordinem</span> <span class='ocrx_word' id='word_1_133' title='bbox 250 1707 300 1747; x_wconf 88' lang='lat' dir='ltr'>eas</span> <span class='ocrx_word' id='word_1_134' title='bbox 318 1689 478 1763; x_wconf 83' lang='lat' dir='ltr'>dispositas</span> <span class='ocrx_word' id='word_1_135' title='bbox 497 1689 590 1749; x_wconf 87' lang='lat' dir='ltr'>fuisse</span> <span class='ocrx_word' id='word_1_136' title='bbox 609 1690 781 1749; x_wconf 82' lang='lat' dir='ltr'>existimant</span> <span class='ocrx_word' id='word_1_137' title='bbox 795 1689 933 1769; x_wconf 85' lang='lat' dir='ltr'>Krueger</span> <span class='ocrx_word' id='word_1_138' title='bbox 951 1711 981 1767; x_wconf 90' lang='lat' dir='ltr'>p.</span> <span class='ocrx_word' id='word_1_139' title='bbox 999 1694 1058 1752; x_wconf 79' lang='lat'>162</span> <span class='ocrx_word' id='word_1_140' title='bbox 1075 1693 1100 1749; x_wconf 86' lang='lat' dir='ltr'>et</span> <span class='ocrx_word' id='word_1_141' title='bbox 1138 1736 1142 1765; x_wconf 92' lang='lat'><strong>·.</strong></span> 
     </span>
     <span class='ocr_line' id='line_1_18' title="bbox 96 1775 1142 1849; baseline 0.004 -15"><span class='ocrx_word' id='word_1_142' title='bbox 96 1775 189 1835; x_wconf 65' lang='lat' dir='ltr'>Iuenel</span> <span class='ocrx_word' id='word_1_143' title='bbox 207 1777 270 1837; x_wconf 91' lang='lat' dir='ltr'>P.I</span> <span class='ocrx_word' id='word_1_144' title='bbox 293 1778 347 1837; x_wconf 92' lang='lat' dir='ltr'>col.</span> <span class='ocrx_word' id='word_1_145' title='bbox 363 1779 426 1836; x_wconf 79' lang='lat'>285</span> <span class='ocrx_word' id='word_1_146' title='bbox 445 1797 473 1838; x_wconf 92' lang='lat' dir='ltr'>n.</span> <span class='ocrx_word' id='word_1_147' title='bbox 491 1781 518 1837; x_wconf 83' lang='lat'><strong>7.</strong></span> <span class='ocrx_word' id='word_1_148' title='bbox 559 1782 592 1837; x_wconf 91' lang='lat' dir='ltr'>at</span> <span class='ocrx_word' id='word_1_149' title='bbox 614 1779 694 1837; x_wconf 86' lang='lat' dir='ltr'>sicut</span> <span class='ocrx_word' id='word_1_150' title='bbox 711 1779 839 1849; x_wconf 91' lang='lat' dir='ltr'>Proculi,</span> <span class='ocrx_word' id='word_1_151' title='bbox 861 1779 907 1838; x_wconf 87' lang='lat' dir='ltr'>ita</span> <span class='ocrx_word' id='word_1_152' title='bbox 928 1786 960 1838; x_wconf 86' lang='lat' dir='ltr'>ct</span> <span class='ocrx_word' id='word_1_153' title='bbox 978 1778 1099 1840; x_wconf 76' lang='lat' dir='ltr'>Iauoleni</span> <span class='ocrx_word' id='word_1_154' title='bbox 1139 1784 1142 1837; x_wconf 83' lang='lat'>!</span> 
     </span>
     <span class='ocr_line' id='line_1_19' title="bbox 96 1865 1097 1942; baseline 0.001 -18"><span class='ocrx_word' id='word_1_155' title='bbox 96 1865 209 1942; x_wconf 83' lang='lat' dir='ltr'>singuli</span> <span class='ocrx_word' id='word_1_156' title='bbox 226 1865 297 1924; x_wconf 81' lang='lat' dir='ltr'>libri</span> <span class='ocrx_word' id='word_1_157' title='bbox 316 1885 450 1924; x_wconf 88' lang='lat' dir='ltr'>scorsum</span> <span class='ocrx_word' id='word_1_158' title='bbox 469 1867 543 1926; x_wconf 87' lang='lat' dir='ltr'>editi</span> <span class='ocrx_word' id='word_1_159' title='bbox 560 1867 708 1942; x_wconf 85' lang='lat' dir='ltr'>videntur,</span> <span class='ocrx_word' id='word_1_160' title='bbox 725 1867 757 1925; x_wconf 89' lang='lat' dir='ltr'>in</span> <span class='ocrx_word' id='word_1_161' title='bbox 775 1867 871 1942; x_wconf 89' lang='lat' dir='ltr'>iisque</span> <span class='ocrx_word' id='word_1_162' title='bbox 890 1867 965 1928; x_wconf 90' lang='lat' dir='ltr'>ordo</span> <span class='ocrx_word' id='word_1_163' title='bbox 982 1870 1097 1929; x_wconf 84' lang='lat' dir='ltr'>fortasse</span> 
     </span>
     <span class='ocr_line' id='line_1_20' title="bbox 96 1955 1096 2034; baseline 0.004 -22"><span class='ocrx_word' id='word_1_164' title='bbox 96 1973 156 2012; x_wconf 90' lang='lat' dir='ltr'>non</span> <span class='ocrx_word' id='word_1_165' title='bbox 180 1955 257 2013; x_wconf 86' lang='lat' dir='ltr'>alius</span> <span class='ocrx_word' id='word_1_166' title='bbox 280 1955 338 2013; x_wconf 85' lang='lat' dir='ltr'>fuit</span> <span class='ocrx_word' id='word_1_167' title='bbox 360 1957 451 2030; x_wconf 91' lang='lat' dir='ltr'>atque</span> <span class='ocrx_word' id='word_1_168' title='bbox 471 1955 657 2034; x_wconf 80' lang='lat' dir='ltr'>Sabinianus,</span> <span class='ocrx_word' id='word_1_169' title='bbox 681 1956 718 2014; x_wconf 89' lang='lat' dir='ltr'>ad</span> <span class='ocrx_word' id='word_1_170' title='bbox 742 1958 827 2015; x_wconf 88' lang='lat' dir='ltr'>cuius</span> <span class='ocrx_word' id='word_1_171' title='bbox 850 1975 990 2017; x_wconf 86' lang='lat' dir='ltr'>normam</span> <span class='ocrx_word' id='word_1_172' title='bbox 1010 1958 1096 2032; x_wconf 81' lang='lat' dir='ltr'>singu·</span> 
     </span>
     <span class='ocr_line' id='line_1_21' title="bbox 96 2043 856 2120; baseline 0.005 -20"><span class='ocrx_word' id='word_1_173' title='bbox 96 2043 194 2102; x_wconf 90' lang='lat' dir='ltr'>lorum</span> <span class='ocrx_word' id='word_1_174' title='bbox 217 2044 362 2102; x_wconf 84' lang='lat' dir='ltr'>librorum</span> <span class='ocrx_word' id='word_1_175' title='bbox 385 2044 557 2120; x_wconf 81' lang='lat' dir='ltr'>fragments</span> <span class='ocrx_word' id='word_1_176' title='bbox 580 2044 753 2104; x_wconf 87' lang='lat' dir='ltr'>collocanda</span> <span class='ocrx_word' id='word_1_177' title='bbox 775 2044 856 2104; x_wconf 84' lang='lat' dir='ltr'>duxi.</span> 
     </span>
    </p>
   </div>
   <div class='ocr_carea' id='block_1_3' title="bbox 472 2302 735 2487">
    <p class='ocr_par' dir='ltr' id='par_1_5' title="bbox 472 2302 735 2487">
     <span class='ocr_line' id='line_1_22' title="bbox 525 2302 677 2361; baseline 0.007 -2"><span class='ocrx_word' id='word_1_178' title='bbox 525 2302 631 2361; x_wconf 91' lang='lat' dir='ltr'>Liber</span> <span class='ocrx_word' id='word_1_179' title='bbox 655 2303 677 2360; x_wconf 90' lang='lat' dir='ltr'><strong>I.</strong></span> 
     </span>
     <span class='ocr_line' id='line_1_23' title="bbox 472 2421 735 2487; baseline -0.004 -2"><span class='ocrx_word' id='word_1_180' title='bbox 472 2421 522 2486; x_wconf 91' lang='lat' dir='ltr'>De</span> <span class='ocrx_word' id='word_1_181' title='bbox 545 2424 735 2487; x_wconf 83' lang='lat' dir='ltr'>testamentis.</span> 
     </span>
    </p>
   </div>
   <div class='ocr_carea' id='block_1_4' title="bbox 466 2551 738 2610">
    <p class='ocr_par' dir='ltr' id='par_1_6' title="bbox 466 2551 738 2610">
     <span class='ocr_line' id='line_1_24' title="bbox 466 2551 738 2610; baseline 0.007 -2"><span class='ocrx_word' id='word_1_182' title='bbox 466 2551 513 2609; x_wconf 89' lang='lat' dir='ltr'>De</span> <span class='ocrx_word' id='word_1_183' title='bbox 534 2553 738 2610; x_wconf 79' lang='lat' dir='ltr'>substitutione.</span> 
     </span>
    </p>
   </div>
   <div class='ocr_carea' id='block_1_5' title="bbox 92 2660 1098 3630">
    <p class='ocr_par' dir='ltr' id='par_1_7' title="bbox 92 2660 1098 3630">
     <span class='ocr_line' id='line_1_25' title="bbox 187 2660 1098 2744; baseline -0.002 -21"><span class='ocrx_word' id='word_1_184' title='bbox 187 2664 213 2723; x_wconf 92' lang='lat'><strong>1.</strong></span> <span class='ocrx_word' id='word_1_185' title='bbox 238 2660 274 2723; x_wconf 88' lang='lat' dir='ltr'>D.</span> <span class='ocrx_word' id='word_1_186' title='bbox 286 2662 337 2741; x_wconf 77' lang='lat'>42,</span> <span class='ocrx_word' id='word_1_187' title='bbox 352 2660 382 2739; x_wconf 82' lang='lat'>5,</span> <span class='ocrx_word' id='word_1_188' title='bbox 393 2660 444 2724; x_wconf 82' lang='lat'><strong>28.</strong></span> <span class='ocrx_word' id='word_1_189' title='bbox 473 2660 643 2724; x_wconf 84' lang='lat' dir='ltr'>Iavolenus</span> <span class='ocrx_word' id='word_1_190' title='bbox 659 2661 742 2724; x_wconf 90' lang='lat' dir='ltr'>libro</span> <span class='ocrx_word' id='word_1_191' title='bbox 757 2662 861 2743; x_wconf 86' lang='lat' dir='ltr'>primo</span> <span class='ocrx_word' id='word_1_192' title='bbox 877 2661 1098 2744; x_wconf 81' lang='lat' dir='ltr'>Epistularum.</span> 
     </span>
     <span class='ocr_line' id='line_1_26' title="bbox 96 2749 1097 2832; baseline 0.003 -21"><span class='ocrx_word' id='word_1_193' title='bbox 96 2784 137 2792; x_wconf 89' lang='lat'>-</span> <span class='ocrx_word' id='word_1_194' title='bbox 161 2749 255 2812; x_wconf 86' lang='lat' dir='ltr'>Pater</span> <span class='ocrx_word' id='word_1_195' title='bbox 274 2751 416 2828; x_wconf 76' lang='lat' dir='ltr'>furrrilics</span> <span class='ocrx_word' id='word_1_196' title='bbox 439 2749 589 2831; x_wconf 78' lang='lat' dir='ltr'>impuberi</span> <span class='ocrx_word' id='word_1_197' title='bbox 610 2751 685 2832; x_wconf 71' lang='lat' dir='ltr'>filie,</span> <span class='ocrx_word' id='word_1_198' title='bbox 707 2751 735 2814; x_wconf 89' lang='lat' dir='ltr'>si</span> <span class='ocrx_word' id='word_1_199' title='bbox 758 2755 828 2814; x_wconf 88' lang='lat' dir='ltr'>cute</span> <span class='ocrx_word' id='word_1_200' title='bbox 844 2751 1037 2831; x_wconf 79' lang='lat' dir='ltr'>perbertutem</span> <span class='ocrx_word' id='word_1_201' title='bbox 1058 2751 1097 2814; x_wconf 88' lang='lat' dir='ltr'>de·</span> 
     </span>
     <span class='ocr_line' id='line_1_27' title="bbox 94 2838 1097 2920; baseline 0.003 -22"><span class='ocrx_word' id='word_1_202' title='bbox 94 2838 238 2917; x_wconf 75' lang='lat' dir='ltr'>cessisset,</span> <span class='ocrx_word' id='word_1_203' title='bbox 266 2840 421 2902; x_wconf 83' lang='lat' dir='ltr'>substituit</span> <span class='ocrx_word' id='word_1_204' title='bbox 442 2838 585 2902; x_wconf 75' lang='lat' dir='ltr'>heredem.</span> <span class='ocrx_word' id='word_1_205' title='bbox 631 2839 659 2901; x_wconf 86' lang='lat' dir='ltr'>is</span> <span class='ocrx_word' id='word_1_206' title='bbox 680 2840 767 2920; x_wconf 74' lang='lat' dir='ltr'>filius</span> <span class='ocrx_word' id='word_1_207' title='bbox 787 2843 924 2919; x_wconf 79' lang='lat' dir='ltr'>paterno</span> <span class='ocrx_word' id='word_1_208' title='bbox 947 2841 1097 2905; x_wconf 75' lang='lat' dir='ltr'>hereditate</span> 
     </span>
     <span class='ocr_line' id='line_1_28' title="bbox 93 2925 1097 3012; baseline 0.003 -25"><span class='ocrx_word' id='word_1_209' title='bbox 93 2945 124 2988; x_wconf 87' lang='lat' dir='ltr'>se</span> <span class='ocrx_word' id='word_1_210' title='bbox 151 2925 300 2989; x_wconf 75' lang='lat' dir='ltr'>abstinuit</span> <span class='ocrx_word' id='word_1_211' title='bbox 325 2929 447 3008; x_wconf 79' lang='lat' dir='ltr'>ideoque</span> <span class='ocrx_word' id='word_1_212' title='bbox 475 2928 554 2991; x_wconf 80' lang='lat' dir='ltr'>boue</span> <span class='ocrx_word' id='word_1_213' title='bbox 576 2928 679 3007; x_wconf 83' lang='lat' dir='ltr'>patris</span> <span class='ocrx_word' id='word_1_214' title='bbox 706 2929 881 3005; x_wconf 63' lang='lat' dir='ltr'>rescierunt·</span> <span class='ocrx_word' id='word_1_215' title='bbox 907 2935 1017 3009; x_wconf 84' lang='lat' dir='ltr'>postea</span> <span class='ocrx_word' id='word_1_216' title='bbox 1042 2928 1097 3012; x_wconf 76' lang='lat' dir='ltr'>filio</span> 
     </span>
     <span class='ocr_line' id='line_1_29' title="bbox 92 3014 1098 3100; baseline 0.004 -24"><span class='ocrx_word' id='word_1_217' title='bbox 92 3014 244 3078; x_wconf 73' lang='lat' dir='ltr'>hereditas</span> <span class='ocrx_word' id='word_1_218' title='bbox 267 3015 391 3099; x_wconf 80' lang='lat' dir='ltr'>obvenit,</span> <span class='ocrx_word' id='word_1_219' title='bbox 415 3038 478 3097; x_wconf 82' lang='lat' dir='ltr'>quc</span> <span class='ocrx_word' id='word_1_220' title='bbox 500 3017 587 3079; x_wconf 83' lang='lat' dir='ltr'>aditu</span> <span class='ocrx_word' id='word_1_221' title='bbox 609 3017 739 3080; x_wconf 84' lang='lat' dir='ltr'>decessit.</span> <span class='ocrx_word' id='word_1_222' title='bbox 783 3037 906 3100; x_wconf 83' lang='lat' dir='ltr'>quaere,</span> <span class='ocrx_word' id='word_1_223' title='bbox 931 3039 1001 3081; x_wconf 83' lang='lat' dir='ltr'>cerm</span> <span class='ocrx_word' id='word_1_224' title='bbox 1019 3036 1098 3099; x_wconf 83' lang='lat' dir='ltr'>prce·</span> 
     </span>
     <span class='ocr_line' id='line_1_30' title="bbox 94 3104 1098 3186; baseline 0.005 -21"><span class='ocrx_word' id='word_1_225' title='bbox 94 3108 141 3167; x_wconf 89' lang='lat' dir='ltr'>tor</span> <span class='ocrx_word' id='word_1_226' title='bbox 174 3104 208 3166; x_wconf 90' lang='lat' dir='ltr'>iu</span> <span class='ocrx_word' id='word_1_227' title='bbox 237 3105 340 3183; x_wconf 74' lang='lat' dir='ltr'>ipsum</span> <span class='ocrx_word' id='word_1_228' title='bbox 365 3105 537 3186; x_wconf 82' lang='lat' dir='ltr'>pupillum,</span> <span class='ocrx_word' id='word_1_229' title='bbox 570 3105 710 3186; x_wconf 77' lang='lat' dir='ltr'>qrruuuois</span> <span class='ocrx_word' id='word_1_230' title='bbox 736 3111 844 3186; x_wconf 86' lang='lat' dir='ltr'>postea</span> <span class='ocrx_word' id='word_1_231' title='bbox 876 3105 1029 3172; x_wconf 74' lang='lat' dir='ltr'>hereditas</span> <span class='ocrx_word' id='word_1_232' title='bbox 1057 3105 1098 3170; x_wconf 79' lang='lat' dir='ltr'>cl·</span> 
     </span>
     <span class='ocr_line' id='line_1_31' title="bbox 93 3194 1097 3277; baseline 0.001 -22"><span class='ocrx_word' id='word_1_233' title='bbox 93 3194 235 3274; x_wconf 84' lang='lat' dir='ltr'>acuisset,</span> <span class='ocrx_word' id='word_1_234' title='bbox 263 3194 460 3257; x_wconf 88' lang='lat' dir='ltr'>creditoribus</span> <span class='ocrx_word' id='word_1_235' title='bbox 488 3199 589 3257; x_wconf 86' lang='lat' dir='ltr'>torueu</span> <span class='ocrx_word' id='word_1_236' title='bbox 610 3195 716 3273; x_wconf 81' lang='lat' dir='ltr'>putris</span> <span class='ocrx_word' id='word_1_237' title='bbox 745 3197 895 3258; x_wconf 83' lang='lat' dir='ltr'>acticueru</span> <span class='ocrx_word' id='word_1_238' title='bbox 922 3217 987 3259; x_wconf 88' lang='lat' dir='ltr'>uou</span> <span class='ocrx_word' id='word_1_239' title='bbox 1013 3197 1097 3277; x_wconf 86' lang='lat' dir='ltr'>duret,</span> 
     </span>
     <span class='ocr_line' id='line_1_32' title="bbox 93 3282 1097 3365; baseline 0.002 -22"><span class='ocrx_word' id='word_1_240' title='bbox 93 3302 136 3344; x_wconf 88' lang='lat' dir='ltr'>au</span> <span class='ocrx_word' id='word_1_241' title='bbox 167 3282 203 3343; x_wconf 89' lang='lat' dir='ltr'>iu</span> <span class='ocrx_word' id='word_1_242' title='bbox 233 3282 429 3344; x_wconf 79' lang='lat' dir='ltr'>serbstituturre</span> <span class='ocrx_word' id='word_1_243' title='bbox 460 3283 656 3346; x_wconf 85' lang='lat' dir='ltr'>creditoribus</span> <span class='ocrx_word' id='word_1_244' title='bbox 684 3285 787 3365; x_wconf 83' lang='lat' dir='ltr'>putris</span> <span class='ocrx_word' id='word_1_245' title='bbox 817 3285 926 3348; x_wconf 84' lang='lat' dir='ltr'>danda</span> <span class='ocrx_word' id='word_1_246' title='bbox 954 3287 996 3349; x_wconf 89' lang='lat' dir='ltr'>sit</span> <span class='ocrx_word' id='word_1_247' title='bbox 1020 3283 1097 3362; x_wconf 75' lang='lat' dir='ltr'>cetu,</span> 
     </span>
     <span class='ocr_line' id='line_1_33' title="bbox 92 3370 1096 3452; baseline 0.002 -21"><span class='ocrx_word' id='word_1_248' title='bbox 92 3389 162 3432; x_wconf 84' lang='lat' dir='ltr'>cum</span> <span class='ocrx_word' id='word_1_249' title='bbox 184 3391 221 3433; x_wconf 83' lang='lat' dir='ltr'>erc</span> <span class='ocrx_word' id='word_1_250' title='bbox 244 3370 330 3433; x_wconf 86' lang='lat' dir='ltr'>bouis</span> <span class='ocrx_word' id='word_1_251' title='bbox 349 3373 499 3451; x_wconf 72' lang='lat' dir='ltr'>proteruis,</span> <span class='ocrx_word' id='word_1_252' title='bbox 522 3393 600 3452; x_wconf 82' lang='lat' dir='ltr'>quue</span> <span class='ocrx_word' id='word_1_253' title='bbox 621 3373 735 3435; x_wconf 85' lang='lat' dir='ltr'>scilieet</span> <span class='ocrx_word' id='word_1_254' title='bbox 755 3373 798 3436; x_wconf 86' lang='lat' dir='ltr'>ud</span> <span class='ocrx_word' id='word_1_255' title='bbox 819 3375 981 3438; x_wconf 80' lang='lat' dir='ltr'>creditores</span> <span class='ocrx_word' id='word_1_256' title='bbox 999 3374 1096 3436; x_wconf 73' lang='lat' dir='ltr'>missu</span> 
     </span>
     <span class='ocr_line' id='line_1_34' title="bbox 93 3458 1096 3540; baseline 0.001 -21"><span class='ocrx_word' id='word_1_257' title='bbox 93 3458 127 3519; x_wconf 87' lang='lat' dir='ltr'>iu</span> <span class='ocrx_word' id='word_1_258' title='bbox 150 3458 229 3521; x_wconf 84' lang='lat' dir='ltr'>boue</span> <span class='ocrx_word' id='word_1_259' title='bbox 246 3461 409 3540; x_wconf 79' lang='lat' dir='ltr'>pertineat,</span> <span class='ocrx_word' id='word_1_260' title='bbox 432 3459 512 3523; x_wconf 83' lang='lat' dir='ltr'>uibd</span> <span class='ocrx_word' id='word_1_261' title='bbox 534 3462 681 3540; x_wconf 82' lang='lat' dir='ltr'>adquirat</span> <span class='ocrx_word' id='word_1_262' title='bbox 702 3467 730 3524; x_wconf 92' lang='lat' dir='ltr'>et</span> <span class='ocrx_word' id='word_1_263' title='bbox 751 3482 820 3524; x_wconf 75' lang='lat' dir='ltr'>dtur</span> <span class='ocrx_word' id='word_1_264' title='bbox 843 3464 1005 3526; x_wconf 83' lang='lat' dir='ltr'>creditores</span> <span class='ocrx_word' id='word_1_265' title='bbox 1025 3458 1096 3525; x_wconf 77' lang='lat' dir='ltr'>nibil</span> 
     </span>
     <span class='ocr_line' id='line_1_35' title="bbox 92 3547 1094 3630; baseline 0.006 -23"><span class='ocrx_word' id='word_1_266' title='bbox 92 3547 172 3610; x_wconf 83' lang='lat' dir='ltr'>iuris</span> <span class='ocrx_word' id='word_1_267' title='bbox 203 3549 238 3610; x_wconf 86' lang='lat' dir='ltr'>iu</span> <span class='ocrx_word' id='word_1_268' title='bbox 270 3548 355 3612; x_wconf 87' lang='lat' dir='ltr'>bouis</span> <span class='ocrx_word' id='word_1_269' title='bbox 383 3548 499 3630; x_wconf 82' lang='lat' dir='ltr'>pupilli</span> <span class='ocrx_word' id='word_1_270' title='bbox 528 3549 691 3613; x_wconf 77' lang='lat' dir='ltr'>drabueriut</span> <span class='ocrx_word' id='word_1_271' title='bbox 716 3570 880 3630; x_wconf 78' lang='lat' dir='ltr'>eorumque</span> <span class='ocrx_word' id='word_1_272' title='bbox 906 3551 987 3615; x_wconf 75' lang='lat' dir='ltr'>uribid</span> <span class='ocrx_word' id='word_1_273' title='bbox 1012 3552 1094 3614; x_wconf 85' lang='lat' dir='ltr'>iuter·</span> 
     </span>
    </p>
   </div>
   <div class='ocr_carea' id='block_1_6' title="bbox 0 0 1216 3976">
    <p class='ocr_par' dir='ltr' id='par_1_8' title="bbox 0 0 1216 3976">
     <span class='ocr_line' id='line_1_36' title="bbox 0 0 1216 3976; baseline 0 2"><span class='ocrx_word' id='word_1_274' title='bbox 0 0 1216 3976; x_wconf 95' lang='lat' dir='ltr'> </span> 
     </span>
    </p>
   </div>
  </div>
 </body>
</html>
