2422 3976
234 190 269 248 11.
287 190 531 247 mortarolium
549 188 779 244 SENTENTIAE
799 189 846 243 ΕΤ
865 190 970 246 LIBRI.
1043 190 1108 256 529

95 360 133 421 ut
150 377 238 511 drgm
269 354 375 440 magis
408 376 506 438 quam
536 353 628 418 litem
664 354 699 418 in
730 353 869 418 militem
900 354 1109 420 transtulisse

95 465 149 511 ore
171 466 254 511 aur.

328 540 379 607 De
394 542 515 624 peculio
537 546 566 606 et
585 541 622 606 de
643 541 678 604 ia
700 560 764 604 rem
785 561 877 605 verso.

185 655 253 722 54?
276 655 316 721 D.
331 657 361 739 3,
369 656 463 734 5‚41.
486 656 576 721 Idem
594 653 652 743 (se.
666 652 801 740 Paulus)
819 653 903 719 libro
917 655 1109 740 trigensimo

96 746 239 811 seeundo
267 745 307 809 ad
335 745 484 812 edietum.
508 782 550 792 —
574 743 608 809 Si
635 744 720 808 servi
748 742 811 807 mei
836 747 953 828 rogatu
975 745 1110 829 negotia

95 856 171 899 mea
192 834 381 918 susceperis,
405 834 434 899 si
461 834 628 898 dumtaxat
655 832 838 897 admonitus
867 854 887 896 a
920 855 1012 897 servo
1036 855 1109 899 meo

95 923 129 989 id
157 922 283 1007 feeeris,
309 923 372 987 erit
401 923 486 986 inter
509 943 569 986 nos
592 924 796 1006 negotiorum
821 925 986 1006 gestorum
1011 923 1109 1006 aeti03

97 1012 125 1076 si
147 1032 226 1076 vero
249 1012 343 1095 quasi
358 1011 512 1076 mandatu
531 1010 624 1091 servi,
648 1010 746 1073 etiam
767 1009 805 1073 de
824 1011 950 1093 peculio
971 1015 1003 1074 et
1022 1012 1059 1075 de
1074 1012 1110 1075 in

97 1121 166 1166 rem
190 1120 284 1165 verso
309 1120 404 1184 agere
427 1103 461 1163 te
484 1121 580 1183 posse
603 1119 795 1180 responsum
818 1103 875 1162 est.

407 1258 458 1323 De
479 1258 572 1323 edicto
598 1255 803 1322 Carboniano.

188 1372 256 1440 55?
281 1373 320 1438 D.
342 1373 395 1456 37,
418 1375 468 1457 10,
488 1374 517 1455 6,
536 1375 566 1438 6.
588 1373 708 1437 Paulus
732 1373 815 1437 libro
840 1373 1109 1458 quadragensimo

98 1465 205 1547 primo
230 1462 269 1527 ad
297 1462 446 1528 edietum.
468 1498 513 1508 —
539 1461 620 1526 Post
641 1461 844 1545 pubertatem
868 1464 1044 1546 quaeritur,
1068 1484 1111 1526 an

99 1552 221 1618 autoris
257 1554 367 1635 partes
405 1552 564 1616 sustinere
597 1550 713 1614 debeat
745 1551 800 1632 qui
832 1571 870 1613 ex
903 1549 1110 1615 Carboniano

99 1641 218 1705 missus
252 1645 303 1703 est
334 1640 368 1703 in
398 1641 647 1722 possessionem.
696 1642 729 1702 et
759 1660 950 1722 responsum
982 1644 1032 1705 est
1062 1640 1110 1704 rei

98 1734 208 1813 partes
231 1750 304 1793 eum
329 1731 486 1793 sustinere
511 1729 634 1810 debere,
658 1728 795 1791 maxime
819 1729 847 1791 si
871 1729 965 1795 eavit.

443 1888 531 1968 Quod
552 1889 582 1951 oi
604 1893 660 1952 out
681 1888 768 1952 etam.

189 2004 243 2069 56.
279 2002 318 2067 D.
347 2005 399 2085 43,
429 2003 482 2087 24,
516 2003 565 2084 18,
599 2005 625 2069 1.
664 2001 778 2068 Celsus
815 2004 898 2066 libro
936 2004 1110 2068 vicensimo

99 2094 214 2177 quinto
245 2091 461 2177 Digestorum.
487 2113 818 2174 -responsum
843 2096 906 2155 est:
940 2093 967 2156 si
992 2093 1110 2177 magis-

100 2185 225 2247 tratum
248 2201 407 2266 rogasses,
430 2185 467 2243 ut
485 2181 704 2244 adversarium
723 2185 814 2244 tuum
839 2180 950 2245 adesse
973 2182 1008 2245 ia
1029 2178 1112 2244 aare

100 2271 236 2353 iuberet,
262 2291 303 2333 ne
331 2291 411 2353 opus
440 2291 559 2333 novum
588 2270 651 2333 tibi
677 2268 854 2352 nuntiaret,
882 2271 964 2335 eiam
992 2269 1111 2334 videris

100 2381 183 2443 opus
206 2358 321 2423 fecisse
341 2358 425 2443 quod
449 2357 578 2422 interim
602 2357 723 2422 feceris.

423 2516 473 2581 De
495 2538 577 2599 aquo
601 2519 686 2581 etde
708 2519 792 2583 rivis.

190 2633 256 2699 57?
279 2633 318 2697 D.
337 2632 498 2716 50,13,2.
520 2631 610 2696 Idem
628 2627 687 2719 (se.
709 2631 881 2718 Ulpianus)
901 2634 983 2696 libro
1002 2631 1107 2715 primo

100 2722 309 2807 Opinionum.
326 2757 370 2768 ·—
393 2721 441 2786 De
460 2742 519 2785 usu
540 2742 650 2805 aquae,
672 2720 711 2784 de
730 2721 806 2784 rivis
824 2722 918 2785 novis
937 2720 1112 2784 inciviliter

99 2812 273 2893 institutis,
304 2810 384 2873 item
416 2810 454 2873 de
487 2809 576 2892 equis
609 2808 722 2874 alienis
751 2831 770 2872 a
798 2810 916 2873 sciente
951 2810 1111 2891 possessis

100 2901 233 2984 fetuque
252 2921 372 2982 earum,
387 2901 420 2961 et
430 2898 468 2961 de
483 2899 599 2962 damno
618 2898 695 2962 dato
710 2920 768 2980 per
787 2898 950 2962 immissos
969 2898 1002 2961 in
1018 2919 1111 2981 pree-

100 2989 190 3053 dium
205 3010 298 3051 suum
309 2987 475 3051 universos
484 2986 630 3050 homines
641 3007 704 3069 eos,
716 2987 771 3070 qui
781 2988 814 3049 in
829 2987 969 3069 plurium
978 2985 1112 3069 praedia

98 3076 254 3142 distribui
286 3076 473 3157 debuerunt,
506 3075 534 3137 si
567 3076 661 3139 modo
690 3075 721 3137 id
754 3097 819 3138 non
847 3096 886 3138 ex
919 3075 1112 3140 auctoritate

100 3166 169 3231 eius
198 3165 255 3249 qui
282 3165 390 3229 iubere
413 3164 522 3247 potuit
543 3163 664 3228 factum
688 3169 750 3247 est,
778 3164 959 3246 praesidem
982 3163 1112 3246 provin-

100 3256 170 3320 oiae
202 3253 307 3318 doceri
335 3257 483 3336 oportere
510 3273 699 3335 responsum
728 3255 791 3334 est,
817 3256 854 3314 ut
881 3253 910 3316 is
937 3250 1111 3316 secundum

100 3344 149 3409 rei
171 3343 367 3427 aequitatem
396 3344 429 3405 et
451 3340 681 3406 iurisdictionis
705 3340 849 3404 ordinem
869 3339 1112 3405 convenientem

102 3432 240 3498 formam
262 3452 314 3495 res
338 3430 400 3496 det.

175 3568 190 3617 1
212 3562 287 3617 Trs'b.
307 3561 342 3616 ad
360 3560 503 3615 iudicium.

154 3661 251 3711 Iurispr.
267 3662 384 3702 antehadr.
399 3661 447 3702 rell,
462 3661 496 3702 sd
511 3661 611 3703 Bremer.
632 3659 695 3713 11,a.
871 3653 912 3702 ’61
