2422 3976
149 191 215 255 588
518 186 794 241 ADDITAMENTA.

243 349 304 417 121’.
353 350 395 415 D.
424 352 477 434 41,
506 352 536 432 2,
563 353 616 434 41,
645 352 673 416 2.
723 348 886 433 Ulpianus
918 349 1006 416 libro
1044 355 1164 436 septua-

151 441 297 528 gensimo
317 440 421 524 primo
442 439 483 503 ad
503 438 665 505 Sabinum.
683 476 728 486 —
747 487 798 504 ...
818 439 949 503 dieitur:
967 461 1055 505 noxa
1073 444 1166 524 eaput

149 530 304 614 sequitur.

240 617 244 626 ’
469 624 519 690 110
541 630 601 690 soto
624 625 858 690 Macedouiauo.

243 741 292 806 13.
316 741 354 805 D.
377 741 426 824 14,
441 743 470 825 6,
486 741 516 823 1,
532 740 581 804 13.
611 737 773 822 Ulpianus
796 738 880 804 libro
903 740 1060 806 vicesimo
1084 764 1168 807 nono

152 830 193 894 ad
217 830 365 894 edietum.
389 866 433 875 -
457 880 485 894 ..
509 828 627 893 dieitur
654 829 689 891 in
712 850 759 912 eo,
783 828 837 911 qui
861 828 1044 894 studiorum
1072 851 1169 895 eausa

153 918 269 984 absens
293 922 439 982 mutuum
463 923 637 1000 acceperat,
665 937 789 982 cessare
819 921 949 982 senatus
973 919 1169 984 consultum.

436 1109 483 1168 Do
505 1103 677 1168 litterarum
700 1103 886 1182 obiipatioua

243 1220 294 1283 14.
327 1217 397 1284 Gai.
430 1220 459 1296 3,
488 1219 564 1294 132.
601 1254 638 1265 -
676 1269 681 1281 .
706 1270 712 1282 .
743 1218 852 1302 <non>
884 1219 1017 1304 proprie
1052 1219 1169 1286 dieitur

154 1308 285 1372 arcariis
318 1306 503 1371 nominibus
542 1307 639 1371 etiam
675 1307 863 1392 peregrinos
897 1308 1052 1393 obligari,
1094 1309 1168 1394 quia

152 1418 219 1462 non
238 1396 309 1479 ipso
323 1395 462 1478 nomine,
482 1394 538 1459 sed
556 1394 777 1461 numeratione
796 1397 950 1478 pecuniae
970 1397 1167 1482 obligantur.

440 1571 489 1637 De
511 1573 670 1638 amborum
692 1573 871 1657 oblipatioue

246 1688 296 1752 15.
321 1687 389 1752 Gai.
414 1689 445 1764 3,
468 1687 519 1752 94.
539 1725 582 1734 -
606 1739 634 1753 ..
658 1687 776 1753 dieitur
798 1710 862 1754 uno
886 1710 963 1754 casu
986 1689 1050 1754 hoe
1069 1689 1165 1754 verbo

155 1773 213 1862 (so.
238 1773 456 1860 spondesne?)
493 1777 697 1860 peregrinum
730 1799 856 1862 quoque
889 1777 1031 1861 obligari
1063 1799 1165 1862 posse,

153 1866 255 1928 veluti
280 1865 307 1928 si
325 1865 501 1949 imperator
520 1871 632 1930 noster
649 1865 828 1950 prinoipem
847 1866 983 1932 alieuius
1002 1867 1165 1951 peregrini

150 1953 264 2037 populi
279 1953 317 2017 de
332 1974 410 2037 paee
424 1955 472 2018 ita
489 1953 670 2038 interroget
687 1953 811 2037 ‘paoem
824 1956 969 2019 futurum
992 1954 1164 2039 spondes?

150 2043 203 2106 vel
226 2043 296 2125 ipse
321 2042 432 2106 eodem
455 2043 551 2105 modo
575 2044 799 2127 interrogetur.

242 2141 291 2206 16.
320 2139 358 2203 D.
389 2141 441 2221 21,
470 2140 500 2223 2,
530 2141 573 2204 32
596 2162 642 2223 pr.
688 2139 777 2203 Idem
801 2138 857 2227 (so.
881 2139 1058 2228 Ulpianus)
1083 2142 1161 2206 libro

153 2229 400 2312 quadragesimo
426 2236 516 2293 sexto
542 2229 579 2291 ad
605 2227 767 2292 Sabinum.
795 2266 834 2276 -
859 2281 887 2294 ..
908 2231 1036 2309 dieitur,
1062 2232 1162 2316 quoti-

151 2340 207 2381 ens
227 2318 336 2399 plures
356 2338 406 2381 res
426 2317 460 2380 in
481 2317 724 2401 stipulationem
744 2317 951 2398 deducuntur,
971 2320 1082 2403 plures
1097 2341 1160 2382 esse

151 2405 385 2489 stipulationes.

477 2519 526 2584 De
548 2520 674 2584 iudiciis
690 2522 832 2602 priuatis.

240 2638 290 2700 17.
315 2634 394 2737 Gaia
408 2636 440 2735 4,
462 2635 512 2700 58.
538 2670 578 2682 —
599 2684 629 2700 ..
649 2635 766 2700 dieitur
784 2638 868 2701 falsa
888 2637 1159 2703 demonstratione

148 2747 216 2788 rem
239 2746 305 2788 non
328 2746 452 2806 perimi.

485 2865 534 2930 Do
557 2865 819 2949 appellationibus.

239 2983 288 3046 18.
311 2981 349 3045 D.
374 2982 427 3065 49,
451 2982 480 3063 3,
506 2981 532 3044 1.
575 2981 741 3064 Ulpianus,
758 2982 842 3046 libro
862 2983 969 3066 primo
992 2985 1032 3049 de
1056 2985 1156 3068 appel-

146 3070 334 3136 lationibus.
344 3108 387 3116 —
402 3122 408 3135 .
424 3120 431 3133 .
447 3070 562 3134 dicitur
578 3091 649 3133 eum
665 3071 830 3154 appellari,
844 3070 899 3154 qui
913 3073 1004 3136 dedit
1018 3075 1155 3138 iudicem.

524 3246 573 3311 Do
595 3249 787 3330 usucapione.

240 3363 290 3425 19.
314 3360 352 3425 D.
378 3363 407 3444 8,
431 3363 460 3446 2,
486 3364 513 3425 7.
546 3362 744 3445 Pomponius
764 3363 847 3428 libro
871 3365 1049 3430 vicensimo
1072 3368 1153 3429 sexto

148 3450 190 3511 ad
215 3449 368 3524 Quintum
392 3449 542 3515 Munium.
569 3487 609 3496 -
634 3502 640 3515 .
664 3501 672 3517 .
696 3502 702 3514 .
727 3452 872 3518 aedificio
897 3476 970 3518 meo
995 3477 1045 3519 me
1068 3474 1152 3540 posse

146 3540 311 3623 consequi,
336 3544 372 3602 ut
395 3540 579 3603 libertatem
603 3563 820 3623 usucaperem‚
845 3542 972 3608 dicitur.
