2422 3976
98 185 142 251 50
169 187 215 243 III.
231 187 304 242 GAIl
319 185 465 242 CLAUDII
479 185 614 242 NERON.
627 185 771 241 GALBAE
781 184 887 240 TEMP.
898 185 994 241 IURIS
1006 185 1114 244 CONS.

100 350 287 434 contineri>.
327 348 440 413 deinde
459 349 575 413 adiecit
592 370 694 432 neque
714 348 853 413 armaria
871 370 975 431 neque
994 350 1117 414 scrinia

98 460 201 521 neque
225 444 343 521 cetere,
366 439 400 501 in
424 438 540 520 quibus
564 437 638 501 libri
662 437 857 521 conduntur,
880 436 998 502 deberi.

184 548 366 625 Sequuntur
383 549 467 607 haec:
488 542 579 624 ‘quod
597 546 761 608 ..Cassius
779 548 816 606 de
834 548 1015 608 membranis
1028 551 1116 625 puris

97 639 216 714 scripsit
234 657 339 698 verum
357 631 424 696 est'

428 738 478 803 De
495 738 653 820 pecoribus
676 738 791 820 lepotis.

185 855 236 920 54.
262 853 300 919 D.
311 855 363 935 32,
375 853 427 933 65,
437 853 466 916 4.
502 853 685 918 Marcianus
708 853 792 917 libro
817 853 954 937 septimo
978 852 1115 919 Institu-

97 945 226 1008 tionum
248 940 298 1029 (P.
312 939 399 1027 121).
424 978 466 987 -
487 942 662 1006 Pecoribus
685 942 803 1024 legatis
827 939 956 1006 Cassius
981 943 1116 1027 scripsit

97 1031 318 1117 quadrupedes
342 1029 513 1108 contineri,
538 1050 620 1114 quae
643 1029 803 1115 gregatim
826 1034 1013 1113 pascuntur.

184 1143 268 1202 Paul.
287 1142 315 1202 S.
334 1141 394 1220 111,
414 1144 448 1219 6,
467 1143 517 1200 73.
571 1141 732 1201 Peooribus
760 1141 869 1216 legatis
901 1141 1115 1218 quadrupedes

96 1251 198 1291 omnes
221 1231 424 1308 continentur,
448 1249 523 1306 quae
546 1229 695 1307 gregatim
717 1232 889 1305 pascuntur.

354 1408 402 1467 De
423 1410 578 1481 mancipiis
599 1408 717 1466 rusticis
739 1407 847 1480 leuatis.

184 1518 235 1584 55.
272 1517 311 1580 D.
330 1518 382 1600 33,
402 1518 431 1596 7,
452 1517 503 1602 18,
521 1518 573 1583 11.
626 1514 746 1580 Paulus
777 1515 861 1580 libro
894 1517 1036 1581 secundo
1071 1520 1112 1583 ad

94 1606 263 1671 Vitellium
287 1603 336 1688 (P.
351 1602 463 1690 2070).
484 1641 529 1651 -
552 1603 612 1670 Cui
639 1604 775 1668 fundum
802 1604 997 1669 instructum
1021 1606 1111 1692 lega·

96 1697 195 1777 verat,
220 1694 412 1758 nominatim
437 1693 598 1777 mancipia
620 1693 756 1777 legavit5
780 1693 962 1776 quaesitum
986 1698 1045 1778 est,
1069 1718 1111 1760 an

95 1784 220 1866 reliqua
248 1783 423 1865 mancipia,
452 1803 534 1865 quae
562 1803 627 1846 non
649 1783 862 1863 nominasset,
889 1783 1109 1850 instrumento

95 1872 254 1937 cederent.
292 1868 423 1935 Cassius
438 1871 485 1934 ait
498 1892 688 1954 responsum
704 1890 783 1955 esse,
798 1871 929 1934 tametsi
944 1873 1110 1956 mancipia

94 1960 243 2025 instructi
275 1957 368 2023 fundi
399 1958 477 2043 sint,
509 1962 619 2023 tamen
650 1958 753 2022 videri
782 1980 836 2023 eos
865 1958 952 2023 solos
980 1961 1108 2044 legatos

94 2071 178 2132 esse,
211 2048 266 2131 qui
297 2047 458 2112 nominati
490 2052 610 2131 essent,
642 2047 728 2130 quod
761 2052 932 2131 appareret
962 2069 1029 2113 non
1059 2050 1108 2114 in·

93 2137 255 2201 tellexisse
283 2141 408 2218 patrem
436 2133 579 2200 familias
602 2135 820 2200 instrumento
845 2157 972 2220 quoque
996 2159 1108 2204 servos

94 2226 320 2291 adnumeratos
343 2245 422 2288 esse.

450 2336 497 2395 De
518 2337 630 2396 bomine
652 2337 751 2410 lepolo.

182 2447 233 2511 56.
261 2446 301 2510 D.
315 2446 368 2529 30,
381 2444 412 2528 5,
428 2449 455 2510 1.
501 2446 623 2510 Paulus
646 2446 731 2511 libro
754 2446 860 2528 primo
884 2446 925 2509 ad
949 2444 1106 2513 Sabinum

94 2533 142 2621 (P.
164 2531 274 2621 1601).
298 2571 341 2580 -
365 2534 471 2598 Labeo
501 2534 559 2617 ait,
588 2556 659 2599 cum
687 2538 774 2599 certa
801 2555 853 2597 res
882 2538 939 2598 aut
963 2557 1107 2618 persona

93 2625 222 2707 legatur
249 2625 309 2687 ita:
343 2622 410 2706 ‘qui
439 2644 528 2687 meus
555 2623 616 2686 erit
643 2644 716 2686 cum
740 2623 872 2704 moriar,
899 2623 992 2687 heres
1015 2624 1104 2690 dato'

93 2716 126 2775 et
155 2712 334 2776 communis
362 2711 418 2792 sit,
445 2715 550 2776 totum
577 2711 693 2775 deberi.
739 2711 926 2774 Trebatium
955 2732 1032 2776 vero
1059 2734 1105 2778 re·

93 2799 260 2885 spondisse
283 2804 408 2882 partem
432 2799 541 2864 deberi
564 2798 693 2864 Cassius
717 2800 855 2883 scripsit.

181 2888 232 2953 57.
263 2888 301 2951 D.
317 2889 367 2966 30,
383 2889 424 2953 37
435 2911 482 2972 pr.
523 2887 682 2971 Ulpianus
701 2887 785 2952 libro
804 2887 978 2952 vicensimo
997 2888 1104 2972 primo

93 2977 134 3041 ad
163 2974 317 3041 Sabinum
342 2973 391 3063 (P.
405 2974 516 3062 2618).
540 3012 582 3021 -
606 2976 728 3060 Legato
758 2977 953 3061 generaliter
980 2977 1105 3062 relicto,

92 3065 196 3130 veluti
224 3065 379 3149 hominis,
411 3064 510 3129 Gaius
538 3062 668 3129 Cassius
697 3065 808 3129 scribit
835 3065 869 3129 id
897 3087 966 3129 esse
995 3066 1105 3147 obser·

92 3154 246 3237 vandum,
269 3177 309 3218 ne
333 3157 476 3236 optimus
499 3153 566 3234 [rel
589 3151 761 3238 pessimus]
787 3153 970 3237 accipietur.

346 3334 394 3393 Dc
414 3337 602 3394 instrumento
624 3338 726 3395 medici
748 3337 847 3410 deputo,

180 3445 231 3509 58.
269 3445 307 3510 D.
326 3444 377 3525 33,
398 3444 426 3521 l,
447 3445 497 3522 18,
519 3445 567 3510 10.
621 3445 740 3510 Paulus
772 3445 855 3511 libro
889 3447 1029 3512 secundo
1063 3448 1104 3514 ad

91 3532 261 3597 Vitellium
291 3529 340 3617 (P.
358 3529 470 3618 2070).
497 3570 540 3579 -
567 3532 605 3597 In
637 3535 850 3599 instrumento
882 3535 999 3600 medici
1032 3558 1103 3603 esse
