2422 3976
96 188 162 252 154
174 186 220 243 ΠΙ.
231 186 308 242 GAll
317 184 465 243 CLAUDII
472 185 609 242 NERON.
619 183 762 241 GALBAn
773 185 882 241 Tene.
892 184 989 242 IURIS
1000 185 1105 244 CONS.

509 367 559 432 De
580 367 688 432 tutelis.

184 483 235 547 60.
258 481 297 547 Ι).
312 483 365 564 26,
378 485 408 566 2,
418 482 470 547 33.
502 481 675 547 Iavolenus
688 481 773 547 libro
788 484 900 547 octavo
916 504 955 547 ex
968 480 1106 566 posteri-

94 570 205 636 oribus
242 569 413 636 Labeonis.
447 607 485 618 —
521 570 695 635 Tutoribus
731 569 779 634 ita
815 569 913 635 datis:
951 569 1104 636 ‘Lusium

94 659 216 724 Titium
239 662 379 724 tutorem
402 659 443 724 6ο
463 708 470 723 .
489 659 517 723 si
539 658 567 723 is
587 680 654 723 non
672 658 762 742 vivit,
782 662 852 723 tum
873 658 990 725 Gaium
1009 658 1104 724 Plau·

95 748 177 812 tium
203 751 342 813 tutorem
371 747 433 832 do',
456 747 562 812 Titius
589 747 713 812 vixerat
735 748 929 812 et'tutelam
952 753 1105 832 gesserat,

94 836 207 901 deinde
237 840 384 901 mortuns
414 840 491 901 erat.
546 835 715 900 Trebatius
745 839 845 922 negat
871 836 912 901 ad
939 835 1104 922 Plautium

94 925 255 1009 pertinere
269 926 415 1008 tutelam,
430 924 538 990 Labeo
553 929 674 989 eontra.
710 923 868 989 Proculus
885 925 972 1010 qnod
985 923 1103 991 Labeo.

184 1014 236 1079 61.
260 1011 298 1078 D.
309 1014 361 1092 26,
376 1012 507 1092 2‚10,3.
534 1012 695 1096 Ulpianus
709 1012 795 1078 libro
809 1013 1001 1098 trigensimo
1016 1017 1103 1078 sexto

96 1102 136 1167 ad
157 1101 311 1167 Sabinum
331 1100 379 1186 (P.
395 1099 506 1188 2830).
525 1138 567 1147 —
587 1100 621 1166 Si
639 1101 780 1167 furiosus
799 1105 997 1168 testamento
1016 1105 1104 1167 tuter

94 1191 202 1274 detur,
234 1190 262 1255 si
290 1190 431 1274 quidem,
459 1212 531 1255 eum
558 1190 663 1254 furere
691 1189 837 1275 desierit,
863 1193 1006 1255 tutorem
1035 1210 1103 1256 esse

94 1284 180 1344 reete
209 1279 319 1344 datum
350 1277 506 1343 Proculus
539 1275 711 1344 existimat
761 1278 847 1362 quod
879 1278 907 1343 si
938 1279 1035 1344 datus
1063 1278 1104 1344 sit

94 1389 188 1452 pure,
212 1370 310 1453 negat
334 1367 488 1432 Proculus
511 1367 618 1433 valere
641 1366 813 1432 dationem.

102 1474 104 1479 '
184 1457 235 1521 62.
272 1460 320 1519 Ad
350 1461 567 1537 possessionem
599 1460 787 1520 alienandam
813 1459 966 1537 pupillum
994 1460 1103 1523 tutoris

92 1549 277 1611 auctoritate
311 1568 372 1608 non
407 1550 541 1628 indigere
573 1548 719 1609 Proculus
756 1549 876 1610 videtur
908 1550 1102 1610 existimasse.

94 1632 279 1698 Marcianus
307 1638 385 1696 enim
413 1631 452 1698 D.
470 1633 513 1697 41
520 1683 529 1717 ‚
549 1633 582 1710 1,
602 1633 642 1697 11
673 1631 785 1697 tradit:
817 1629 976 1716 ‘Pupillus
1006 1656 1104 1718 quan·

95 1725 165 1785 tum
202 1720 242 1785 ad
279 1720 512 1806 adquirendum
547 1742 614 1785 non
650 1721 775 1806 indiget
809 1719 929 1787 tutoris
966 1721 1103 1787 auetori-

93 1813 177 1893 tate;
204 1809 344 1874 alienare
372 1831 448 1875 vero
476 1810 600 1874 nullam
624 1831 692 1875 rem
715 1813 825 1893 potest
845 1809 910 1874 nisi
932 1815 1103 1894 praesente

94 1901 201 1963 tutore
225 1901 368 1982 austere,
397 1901 430 1962 et
451 1920 493 1963 ne
516 1898 645 1982 quidem
667 1899 922 1983 possessionem,
950 1920 1033 1984 qnae
1056 1902 1105 1964 est

94 1987 268 2069 naturalis,
304 1990 341 2051 ut
371 1984 554 2052 Sabinianis
587 1986 693 2052 visum
726 1989 789 2071 est;
826 2008 907 2071 quae
943 1988 1105 2054 sententia

96 2098 173 2140 vera
196 2075 267 2141 est'.

184 2165 235 2230 63.
258 2162 298 2228 D.
315 2164 365 2246 16,
379 2164 409 2246 3,
424 2163 476 2228 32.
516 2161 630 2228 Celsus
653 2163 737 2228 libro
760 2161 930 2228 undecimo
953 2162 1104 2248 Digesto·

94 2275 166 2316 rum
189 2251 238 2337 (P.
253 2248 318 2337 91).
345 2289 382 2298 —
409 2250 501 2327 Quod
524 2251 634 2316 Nerva
658 2251 779 2317 diceret
801 2249 952 2317 latiorem
975 2253 1104 2338 eulpam

93 2341 204 2406 dolum
228 2362 312 2422 esse,
333 2339 470 2406 Proculo
494 2340 697 2423 displicebat.

184 2435 219 2494 et
241 2434 277 2494 D.
294 2437 345 2512 27,
360 2437 389 2508 5,
406 2438 475 2509 lpr.

184 2537 249 2601 64⁵.
277 2534 346 2599 Gai.
369 2535 488 2617 1,196.
512 2572 554 2581 -
577 2533 714 2600 Masculi
729 2584 736 2598 .
752 2584 759 2599 .
774 2557 847 2600 eum
872 2536 1012 2619 puberes
1035 2558 1106 2601 esse

94 2626 288 2708 coeperint„
304 2625 406 2687 tutela
434 2623 612 2688 liberantur
630 2672 637 2687 .
652 2672 681 2689 ..
701 2624 844 2688 diversae
874 2624 1004 2690 scholae
1033 2646 1105 2690 ane-

94 2718 182 2776 tores
215 2712 306 2776 annis
338 2715 455 2795 putant
482 2713 685 2795 pubertatem
714 2712 962 2798 aestimandam,
994 2712 1029 2778 id
1057 2716 1109 2780 est

95 2823 167 2864 eum
199 2801 351 2883 puberem
379 2822 449 2865 esse
476 2801 677 2885 existimant,
708 2799 786 2884 <qui
812 2799 892 2864 XIV
922 2823 1026 2868 annos
1054 2824 1106 2868 ex·

94 2889 226 2972 pler-it).

185 2976 252 3043 (ill.
280 2974 354 3060 Ulp.
371 2977 421 3060 11,
435 2978 487 3042 28.
513 3013 550 3022 —
576 2975 770 3042 Liberantur
796 2978 903 3042 tutela
926 2980 1110 3046 maseuli..

95 3065 274 3150 pubertate.
302 3066 458 3149 puberem
477 3067 584 3130 autern
598 3114 607 3130 .
622 3113 629 3130 .
644 3115 651 3130 .
666 3065 776 3130 dieunt
790 3115 798 3129 .
812 3116 820 3130 .
834 3115 841 3130 .
856 3064 1064 3133 Proculeiani
1078 3117 1110 3135 ..

95 3177 182 3239 eum,
206 3156 260 3238 qui
284 3152 540 3239 quattuordecim
564 3175 666 3218 annos
690 3154 846 3237 explevit.¹

514 3330 565 3395 De
585 3331 688 3411 furtis.

184 3445 235 3512 65.
263 3446 303 3511 D.
325 3445 543 3530 17,1‚22,7.
588 3444 707 3510 Paulus
735 3446 819 3510 libro
842 3446 1036 3532 trigensimo
1060 3471 1109 3515 se

95 3535 199 3601 eundo
225 3535 265 3600 ad
289 3534 429 3599 edietum
453 3533 501 3619 (P.
516 3530 607 3619 487).
629 3570 666 3580 -
688 3532 723 3599 Si
746 3535 807 3598 tibi
830 3534 960 3600 eentum
978 3536 1109 3623 dedero,
