2422 3976
359 167 384 218 6.
407 161 616 218 IAVOLENUS
634 161 783 219 PRISCUS
1010 163 1077 230 425

154 322 208 391 94.
237 324 277 390 D.
295 324 374 390 ibid.
393 327 413 406 ξ
435 329 462 390 1.
492 362 530 372 -
560 326 711 391 Fundam
732 327 771 391 ab
794 348 827 392 eo
849 327 961 408 emisti,
988 328 1076 394 euius

61 413 128 498 filii
151 417 263 497 postea
293 414 419 479 misiam
449 414 664 496 administras,
695 436 749 481 uec
779 436 910 480 vacuam
935 417 1076 499 accepisti

55 504 290 587 posoessimem.
330 503 400 569 dini
422 504 540 568 tradere
562 508 588 568 te
611 504 667 568 tibi
678 506 898 586 possessionem
915 504 970 570 boa
987 507 1076 571 modo

55 610 158 677 posce,
180 596 217 657 ut
231 591 374 675 pupillus
395 596 425 656 et
442 591 571 673 familia
593 594 658 657 eins
680 595 801 658 decedat
817 595 853 658 de
873 592 981 674 fundo,
1004 599 1077 660 tunc

62 687 188 747 mum
210 684 244 745 tu
265 681 454 765 inprediaris
468 682 699 764 possessimem.

155 768 209 835 95.
235 767 275 833 D.
294 768 369 834 ibid.
389 771 409 849 ξ
429 771 458 833 2.
483 806 523 816 -
552 768 615 850 Qui
640 769 776 851 fundum
802 791 839 835 ea
866 771 927 853 iope
953 775 1076 855 emerat,

62 861 101 923 nt
115 857 218 923 soluta
231 859 364 940 pecunia
382 859 552 923 traderetur
569 860 598 924 ei
611 861 770 942 possessio,
787 859 904 924 duobus
918 860 1078 926 heredebus

62 946 179 1012 rubetis
200 947 331 1012 decessit.
371 948 401 1012 si
422 967 504 1012 unus
527 968 646 1012 omnem
663 949 829 1030 pearniam
850 949 981 1032 sciverit,
998 969 1076 1031 par·

63 1040 125 1101 mu
141 1034 286 1116 familiae
302 1035 518 1101 herciscundae
535 1038 648 1102 iudicio
666 1037 814 1114 seruabit;
833 1057 894 1117 nec,
912 1039 942 1101 si
952 1042 1077 1119 partem

62 1124 177 1203 salom,
204 1144 242 1189 ec
268 1129 365 1206 empto
392 1145 461 1189 cum
487 1126 640 1190 venditore
665 1130 746 1210 apet,
772 1126 919 1208 qnoniam
940 1127 985 1191 ita
1007 1147 1076 1191 oon-

63 1216 198 1279 tracdum
220 1233 272 1278 aes
293 1213 430 1278 cinnum
453 1214 551 1278 diuidi
572 1234 635 1278 non
651 1218 762 1297 potuit.

155 1302 209 1367 96.
236 1300 277 1366 D.
290 1302 367 1367 ibid.
382 1305 402 1381 ξ
417 1303 446 1367 3.
467 1338 505 1349 -
526 1303 700 1368 Frumenti
721 1325 799 1385 qnae
818 1304 853 1368 in
871 1302 970 1368 dabis
988 1307 1079 1367 aaut

64 1410 137 1456 mm
167 1391 363 1474 vendidisses,
394 1392 503 1458 dixisti
535 1397 575 1475 te,
607 1393 636 1456 si
666 1394 742 1474 quid
767 1393 798 1457 oi
825 1397 881 1458 aut
907 1396 1079 1475 tempestate

62 1478 184 1561 sactmu
210 1483 296 1564 essct,
317 1485 559 1563 praestaturum.
592 1501 628 1545 ea
653 1482 811 1561 frumento
833 1482 917 1546 niues
939 1501 1077 1562 corrupe-

67 1572 160 1646 runt,·
191 1569 221 1633 si
247 1570 466 1634 immoderatae
490 1569 620 1650 fuerunt
646 1576 675 1634 et
699 1574 807 1635 contra
833 1571 1078 1636 consuetudinem

67 1657 265 1741 tempestatis,
287 1659 341 1740 api
362 1662 459 1723 meum
480 1679 518 1723 en
540 1664 638 1741 empto
655 1661 776 1741 poterit.

404 1841 451 1898 De
474 1845 597 1914 emptore
619 1843 745 1900 liberato.

156 1949 209 2014 97.
237 1947 276 2013 Ι).
292 1948 342 2025 19,
359 1957 387 2028 1,
401 1949 453 2015 50.
495 1948 602 2015 Labeo
624 1951 707 2016 libro
727 1955 842 2035 quarto
861 1952 1078 2034 posteriorum

70 2058 89 2103 a
113 2036 267 2103 Iavoleno
296 2039 554 2121 epitomatorum.
577 2075 620 2085 —
644 2040 739 2104 Bona
765 2041 841 2123 fides
869 2060 931 2104 non
948 2041 1078 2122 patitur,

68 2130 109 2205 ut,
130 2146 204 2192 oum
224 2131 340 2208 emptor
362 2127 495 2192 alieuius
518 2126 591 2209 lepis
609 2129 750 2210 beneficio
764 2130 930 2210 pecuniam
948 2129 994 2192 rei
1011 2148 1080 2191 oen·

68 2215 152 2280 ditae
178 2214 281 2280 dodae
306 2216 430 2280 desisset
451 2219 616 2297 antennam
638 2238 687 2282 res
709 2218 737 2282 ei
759 2219 914 2295 tradatur,
942 2217 1081 2281 omditor

69 2304 188 2369 bodera
209 2303 408 2385 compeliatur
430 2309 458 2368 et
479 2324 512 2368 re
534 2325 593 2369 suo
615 2311 737 2370 careret.
771 2307 960 2388 possessione
977 2308 1080 2369 auum

70 2393 186 2458 tradita
219 2392 366 2474 futurum
398 2398 454 2471 est,
490 2398 527 2457 nt
556 2414 621 2458 rem
652 2393 701 2476 <et
726 2395 912 2476 pecuniam>
942 2394 1081 2458 venditor

69 2500 161 2564 umore
191 2483 356 2563 omitteret,
387 2486 488 2562 utpote
519 2502 588 2546 cum
614 2485 729 2564 petenti
757 2504 825 2547 eam
852 2503 917 2546 rem
944 2480 1081 2566 <emptor

70 2570 268 2653 moeptionem
294 2571 341 2634 rei
367 2573 504 2634 venditae
531 2576 560 2634 et
586 2574 718 2636 traditae
746 2592 892 2653 opponere
909 2572 1008 2652 possit
1027 2589 1081 2633 nec

64 2659 193 2741 perinde
214 2659 268 2741 sit,
292 2661 384 2740 quasi
406 2680 474 2722 eam
496 2661 582 2742 rem>
598 2661 713 2742 petitor
734 2661 762 2724 ei
784 2681 878 2741 nepote
900 2660 1082 2723 uendidisset

70 2767 163 2830 neque
185 2748 369 2812 tradidisset.

354 2905 404 2972 De
427 2907 572 2972 iocatime
594 2909 796 2973 conductione.

437 3027 484 3085 De
507 3029 592 3087 domn
615 3030 716 3087 iocata.

158 3128 210 3194 98.
234 3125 273 3193 Ι).
291 3128 340 3213 19,
355 3129 384 3211 2,
399 3129 450 3194 28.
492 3128 599 3193 Labeo
623 3128 707 3194 libro
732 3134 847 3214 quarto
866 3129 1080 3210 posteriorum

72 3217 323 3301 epitomatorum
347 3215 547 3283 alavoleno.
570 3254 606 3264 —
634 3217 771 3297 Quodsi
793 3220 877 3282 domi
894 3217 1081 3282 dubitatione

71 3307 232 3370 muductor
258 3325 350 3387 aeque
376 3325 451 3369 usus
475 3305 598 3388 fuisset,
624 3305 743 3389 pariisl
770 3309 863 3370 etiam
886 3308 951 3370 eius
973 3307 1081 3370 domus

72 3395 246 3478 mecedem,
268 3413 347 3476 qnae
367 3395 477 3458 citium
495 3395 628 3477 fecisset,
651 3395 750 3459 deberi
767 3400 866 3476 putat.

142 3539 157 3587 1
177 3531 226 3589 Fi.
244 3534 459 3603 praestaturum.
