2422 3976
91 192 159 256 494
195 192 228 247 V.
248 189 397 246 NERVAE
416 189 463 244 ΕΤ
479 187 629 243 TRAIANI
647 187 756 244 Tune.
774 187 873 244 Iulus
892 187 1078 244 CONSULTI

390 380 440 444 De
461 380 611 461 emptione
632 380 810 444 venditione.

183 496 225 560 l?
256 493 497 578 D.41,4‚2‚6.
548 493 667 557 Paulus
698 494 784 558 libro
817 493 1109 580 quinquagensimo

94 589 210 669 quarto
235 585 275 648 ad
299 584 446 647 edictum.
468 619 513 630 —
536 580 617 647 Cum
642 579 790 647 Stichum
814 583 976 662 emissem,
1004 581 1110 648 Dama

93 695 151 758 per
174 674 394 759 ignorantiam
418 672 497 736 mihi
515 693 575 756 pro
595 692 633 736 eo
652 671 791 735 traditus
811 677 870 738 est.
913 672 1045 736 Priscus
1064 672 1110 736 ait

94 784 154 826 usn
174 784 224 825 me
244 783 315 826 eum
336 783 401 824 non
421 764 600 843 capturum,
624 761 700 845 quia
718 761 751 824 id
770 762 856 844 quod
876 765 1025 844 emptum
1041 782 1108 825 non

95 852 152 934 sit,
179 873 238 934 pro
263 855 406 932 emptore
434 850 569 931 usucapi
597 870 662 913 non
690 853 812 932 potest3
846 849 903 915 sed
932 848 959 913 si
989 849 1108 913 fundus

93 944 221 1023 emptus
246 941 290 1002 sit
308 942 341 1001 et
360 937 534 1022 ampliores
552 937 633 1001 fines
651 939 794 1022 possessi
814 938 888 1019 sint,
912 942 1021 1003 totum
1038 958 1108 1002 usu·

94 1027 196 1112 capi¹,
225 1027 378 1112 quoniam
401 1026 594 1090 universitas
620 1026 688 1091 eius
710 1028 928 1110 possideatur,
953 1048 1020 1092 non
1044 1027 1107 1091 sin·

93 1118 189 1203 gulae
212 1121 331 1200 partes.

257 1275 307 1340 Dc
329 1275 618 1358 intempotiooibus
640 1277 675 1340 in
697 1277 765 1341 iore
785 1275 946 1356 faciendis.

183 1393 212 1457 8.
246 1391 285 1455 D.
307 1392 357 1473 ll,
378 1392 406 1473 1,
424 1391 477 1475 20,
498 1392 525 1456 1.
575 1389 695 1455 Paulus
723 1390 807 1454 libro
835 1391 976 1456 secundo
1006 1389 1102 1464 Quae-

96 1483 237 1546 stionum
259 1517 296 1526 -
317 1479 356 1543 In
375 1481 443 1543 iure
462 1484 690 1564 interrogatus,
713 1501 754 1543 an
774 1479 908 1544 fundum
932 1479 1101 1563 possideat,

94 1590 212 1654 quaero
241 1591 283 1632 an
307 1567 499 1651 respondere
523 1568 685 1653 cogendus
710 1568 753 1632 sit
775 1572 808 1631 et
830 1572 930 1652 quota
952 1589 992 1632 ex
1014 1571 1100 1652 parte

93 1658 227 1722 {undum
247 1656 418 1740 possideat.
459 1656 626 1741 respondi:
648 1655 820 1721 Iavolenus
844 1657 958 1722 scribit
980 1678 1099 1741 posses

94 1768 200 1811 sorem
224 1745 315 1809 fundi
341 1745 414 1829 cogi
441 1745 555 1810 debere
582 1744 789 1828 respondere,
817 1749 918 1829 quota
946 1767 985 1810 ex
1012 1749 1098 1830 parte

94 1834 228 1899 fundum
249 1833 428 1919 possideat,
450 1837 487 1898 ut
510 1833 538 1897 si
562 1835 686 1899 minore
710 1856 748 1898 ex
770 1841 862 1917 parte
886 1834 1048 1916 possidere
1067 1853 1097 1896 se

94 1923 192 2008 dieat,
223 1924 257 1987 in
289 1923 388 1987 aliam
419 1928 559 2007 partem,
591 1944 673 2006 quae
704 1944 769 1987 non
802 1922 1039 2008 defenderetur,
1067 1921 1095 1984 iu

92 2013 331 2097 possessionem
356 2015 445 2076 actor
469 2012 627 2076 mittatur.

386 2170 435 2235 De
454 2171 581 2254 planctis
603 2172 811 2252 appellatione.

183 2289 211 2352 c.
248 2287 288 2350 n.
312 2286 367 2367 50,
390 2286 445 2370 16,
466 2286 544 2366 oco,
566 2287 593 2350 1.
651 2285 742 2350 nem
778 2284 834 2372 (sc.
869 2285 983 2370 carus)
1020 2285 1091 2347 ebro
1134 2232 1136 2241 ¹

94 2381 208 2461 quarto
243 2377 281 2440 ad
314 2376 420 2461 legem
454 2374 620 2438 duodecim
652 2376 835 2439 tabularum
872 2411 909 2422 —
944 2370 1091 2438 ‘Glandis’
1133 2378 1136 2399 ¹

94 2466 311 2550 appellatione
344 2463 448 2528 omnis
482 2464 605 2527 fructus
638 2464 834 2546 continetur,
867 2468 904 2528 ut
933 2463 1089 2527 Iavolenus

94 2561 152 2637 ait,
182 2555 327 2637 exemplo
356 2551 471 2616 Graeci
500 2553 671 2636 sermonis,
700 2552 784 2636 apud
812 2574 893 2636 quos
923 2573 1030 2617 omnes
1051 2570 1088 2612 cr-

93 2645 207 2719 borum
232 2643 353 2726 species
377 2639 547 2726 ἀκρόδρυα
570 2642 783 2724 appellantur.

98 2957 136 3040 7.
166 2963 204 3035 P.
234 2963 494 3036 IUVENTIUS
519 2963 691 3036 CELSUS
717 2963 853 3036 TITUS
881 2956 1085 3035 AUFIDIUS

327 3088 538 3160 HOENIUS
567 3087 869 3161 SEVERIANUS

180 3233 312 3291 Iuventii
322 3231 400 3291 Celsi
414 3225 465 3313 (de
480 3252 539 3308 quo
554 3252 644 3308 supra
657 3253 686 3308 p.
698 3223 776 3312 256)
791 3232 880 3308 filine,
896 3251 963 3291 cnm
974 3247 1042 3290 anno
1051 3223 1082 3284 95

93 3324 197 3380 contra
232 3322 432 3381 Domitianum
470 3321 701 3398 conspiravisset
738 3314 809 3402 (Dio
842 3319 924 3380 Cass
952 3324 1004 3396 67,
1032 3304 1082 3391 13),

94 3428 147 3467 sua
166 3411 329 3469 calliditate
348 3410 479 3486 periculo
499 3411 644 3470 liberatus
659 3429 736 3469 anno
753 3413 815 3470 106
831 3410 880 3470 vel
896 3408 1081 3484 1071111111,

164 3565 178 3614 1
200 3561 276 3616 Trio.
295 3562 379 3631 longo
398 3564 522 3633 tempore
542 3561 612 3632 capi.
