2422 3976
1083 175 1123 229 XI

104 338 293 416 praestantia
311 335 484 400 doctorum'
507 341 594 401 annis
614 343 831 403 1500-1511
855 343 1019 419 composito
1042 345 1123 404 veta

103 447 174 487 rum
200 427 396 504 prudentium
422 429 515 490 libros
543 448 580 490 ex
606 430 780 492 Florentino
803 431 912 510 codice,
934 435 971 492 ut
992 432 1122 510 uidetur,

103 516 247 578 collectos
275 510 464 594 descripsit¹‚
492 522 524 578 et
552 519 685 580 Petrus
712 519 902 598 Aegidius‚
931 521 984 598 qui
1005 520 1121 597 primns

97 609 235 666 <a'1517
255 605 331 666 iuris
348 606 577 668 anteiustiniani
594 609 765 686 fragmenta
784 611 930 687 quaedam
949 601 1072 685 edidit‚²
1090 613 1122 670 et

103 693 301 755 Udalricus
325 693 468 773 Zasiu's,
491 698 544 774 qui
565 697 722 756 Budaeum
744 702 866 758 secutus
889 699 929 758 ad
950 700 1009 758 1.2
1032 699 1064 757 D.
1085 698 1121 759 de

103 784 230 862 origine
251 783 339 864 iuris,
370 784 403 843 id
433 788 481 845 eet
513 784 553 845 ad
583 785 743 862 Pomponii
773 787 978 863 fragmentum
1007 787 1121 848 scholia

103 871 235 951 scripsit,
257 872 290 932 in
312 872 421 951 quibus
443 874 654 951 componendis
677 878 709 935 et
732 874 790 934 Gai
807 876 965 951 epitomati
984 880 1016 936 et
1032 875 1121 936 Pauli

100 960 282 1037 fragmentis
314 962 400 1023 novis
431 964 522 1039 paulo
552 966 624 1023 ante
654 964 686 1023 in
720 964 903 1024 monasterio
929 965 1121 1025 Murbaoensi

100 1050 232 1127 repertis
246 1051 361 1127 primus
378 1070 453 1112 nens
472 1043 546 1112 est⁸
580 1053 642 1112 iam
656 1072 682 1113 a.
699 1055 784 1114 1525
800 1053 887 1112 Pauli
905 1054 1070 1114 mutantiae
1089 1057 1121 1114 et

102 1138 159 1198 Gai
182 1139 313 1215 epitome
333 1139 464 1216 primum
483 1141 607 1201 Parisiis
626 1141 725 1201 editae
744 1133 842 1202 sunt4
870 1144 1015 1218 quattuor
1033 1143 1119 1202 anuis

100 1231 172 1304 post
201 1226 400 1307 Gregorius
429 1229 649 1309 Haloander‚
681 1249 750 1290 cum
777 1249 796 1289 a
822 1229 1120 1307 Norimbergensium

98 1319 213 1377 senatu
235 1317 359 1378 adiutus
378 1317 508 1394 Digesta
530 1319 641 1395 ederet,
662 1318 873 1395 inscriptiones
896 1337 1016 1396 quoque
1038 1319 1117 1398 frag-

97 1408 272 1466 mentorum
307 1425 403 1484 usque
440 1407 478 1468 ad
514 1408 629 1467 librum
659 1407 744 1466 XXV
775 1401 939 1469 exhibuit⁵
991 1408 1119 1486 denique

98 1493 286 1555 Arnoldus
313 1495 521 1556 Ferrandus
559 1516 587 1556 a.
617 1497 701 1557 1536
738 1497 879 1575 Lugduni
915 1497 1119 1575 fragmentum

98 1603 212 1643 novum
235 1601 273 1642 ex
290 1584 451 1661 Pomponii
472 1585 559 1646 libris
582 1577 754 1647 servatum⁶
777 1589 808 1646 et
826 1586 981 1646 Ioannes
1000 1586 1118 1646 Tilius

98 1691 125 1734 a.
148 1673 235 1733 1549
259 1672 385 1733 Parisiis
404 1673 528 1750 Ulpiani
555 1693 633 1751 quae
658 1675 799 1735 dicuntur
820 1676 993 1753 fragmenta
1015 1675 1118 1749 edidit,

99 1781 161 1839 quo
180 1761 285 1822 libello
305 1765 375 1824 aute
394 1761 462 1823 Gaii
479 1763 576 1840 ipsius
594 1763 801 1824 institutiones
819 1767 955 1840 repertas
972 1782 1034 1824 non
1052 1767 1119 1825 erat

100 1851 208 1910 melius
231 1851 344 1912 vetans
367 1851 443 1911 iuris
465 1853 645 1928 prudentiae
668 1853 829 1929 specimen.
884 1883 887 1886 >

188 1939 256 1999 Iam
278 1942 316 1999 ut
337 1959 398 2001 uno
421 1942 513 2001 verbo
536 1960 601 2001 rem
624 1942 819 2018 complectar:
842 1960 938 2003 novae
961 1941 1118 2001 cuiusdam

100 2027 175 2088 iuris
212 2028 389 2105 disciplinae
425 2048 539 2108 eaeque
575 2030 770 2107 gravissimae
807 2031 1003 2090 fundamenta
1038 2030 1118 2091 iacta

93 2121 183 2177 sunt:
205 2117 283 2177 iuris
307 2118 423 2178 scibant
441 2119 569 2179 Romani
586 2119 740 2179 historiae.
775 2139 866 2197 quam
888 2123 990 2179 autem
1008 2120 1119 2179 misera

99 2206 195 2266 fuerit
222 2207 474 2266 sententiarumin
496 2207 629 2287 Digestis
657 2211 843 2268 servatarum
869 2208 1028 2284 explicatio
1050 2209 1118 2286 quis

98 2295 209 2354 melius
238 2295 289 2356 des
313 2296 419 2372 cripsit
440 2315 530 2373 quam
554 2300 644 2372 poeta
666 2298 718 2357 ille
741 2295 897 2357 Gallorum
920 2297 1118 2375 gravissimus

98 2383 321 2444 Franciscus
358 2385 537 2445 Rabalais
574 2379 849 2466 (1483-1553),
887 2386 939 2464 qui
974 2387 1005 2444 in
1039 2385 1117 2445 libro

97 2491 125 2533 a
147 2474 234 2533 1533
259 2473 341 2533 edito
364 2475 402 2533 da
420 2474 610 2534 adolescente
633 2474 765 2552 quodam
788 2476 905 2534 namet:
930 2469 1029 2533 ‘Ainsi
1051 2474 1118 2533 vint

97 2561 288 2640 dBourgea
312 2565 352 2622 ob
374 2561 493 2622 estudia
516 2562 586 2622 bien
607 2564 802 2642 long-temps,
825 2566 857 2622 et
879 2562 1004 2638 proffita
1027 2563 1117 2622 beau·

97 2668 176 2727 ooup
200 2669 238 2709 en
261 2651 292 2709 la
314 2651 426 2711 faculte
450 2651 502 2711 des
525 2652 595 2711 loia
636 2651 677 2712 Et
701 2651 792 2711 disoit
814 2653 958 2712 auleunes
980 2651 1039 2711 fois
1058 2669 1117 2728 que

97 2739 143 2798 les
166 2740 259 2799 liures
288 2739 339 2800 des
367 2739 429 2800 loix
453 2740 509 2816 luy
531 2740 719 2817 sembloyent
743 2759 803 2800 une
829 2741 907 2800 belle
936 2739 1029 2799 robbe
1054 2740 1118 2799 d’or

97 2828 309 2906 triumphante
336 2833 367 2889 et
393 2829 550 2906 praeieusa
579 2834 596 2888 a
624 2829 803 2907 merveilles‚
828 2829 881 2907 qui
904 2830 985 2889 faust
1006 2828 1116 2887 brodbe

99 3008 102 3013 ·
171 2987 196 3035 1.
216 2979 340 3050 Savigny
359 2981 378 3035 l.
398 2997 420 3036 o.
440 2980 480 3034 HI
496 2998 524 3050 p.
539 2984 582 3035 45.

171 3058 196 3106 2.
217 3049 343 3121 Savigny
361 3051 380 3106 l
401 3068 424 3106 c.
443 3051 482 3106 VI
499 3069 527 3121 p.
542 3056 601 3106 459.

171 3122 372 3192 3.'.,Stintaing:
392 3122 488 3177 Zasius
506 3141 534 3192 p.
554 3121 639 3178 inoff.
657 3121 737 3177 1801'.

171 3200 197 3248 4.
219 3193 274 3248 ‘Ad
293 3193 419 3248 codicem
438 3192 677 3262 manuscriptum
695 3191 831 3247 Almariei
849 3191 1029 3248 Bouchardi'.

170 3271 196 3321 ὁ.
224 3264 383 3320 Mommsen
410 3265 497 3335 praef.
526 3263 563 3318 ad
591 3265 655 3334 Dig.
682 3283 712 3333 p.
730 3262 803 3319 XVI.
846 3263 988 3334 Stintaiug
1016 3263 1116 3318 Gesch.

99 3335 149 3390 der
181 3336 336 3391 deutschen
363 3336 629 3392 Rechtswissensob.
661 3335 724 3404 Ip.
750 3339 802 3389 184
819 3351 879 3403 sqq.
926 3334 1051 3404 Savigny
1079 3333 1118 3388 VI
1149 3410 1151 3414 .

97 3425 117 3477 p
170 3484 195 3534 6.
217 3478 253 3533 Iu
276 3477 511 3534 consuetudinum
534 3476 777 3546 Burdigalensium
802 3475 1012 3531 commentariis
1034 3493 1063 3544 p.
1084 3479 1116 3527 72

102 3549 129 3602 ‘e
147 3548 322 3606 bibliotheca
339 3549 418 3606 Petri
436 3549 538 3605 Criniti
555 3546 733 3604 Florentini’.
