2422 3976
349 192 374 241 4.
394 185 423 243 6.
438 185 583 241 cnssms
602 185 787 241 consinus
1032 188 1074 251 ‘25

350 358 400 424 De
421 358 581 424 uerborum
603 358 794 441 1111111111.

156 484 208 549 14.
239 482 280 549 D.
300 481 354 568 45,
373 484 403 564 3,
422 483 475 568 28,
493 483 524 547 4.
575 481 676 547 Gaius
704 481 788 548 libro
816 483 915 547 tertio
944 482 982 547 de
1011 506 1081 549 ver-

65 573 186 639 borum
206 570 465 657 obligationibus
484 567 535 657 (P.
550 567 639 659 516).
660 607 698 618 -
719 570 803 636 Illud
822 571 1005 656 quaesitum
1023 578 1081 660 est,

64 685 111 728 11
129 660 243 726 heredi
261 660 372 726 futuro
392 682 503 725 servus
518 659 732 725 hereditarius
747 660 897 746 stipulari
911 662 1036 746 possit.
1051 711 1081 729 ..

67 751 203 819 Cassius
231 749 401 837 respondit
427 771 537 833 posse,
565 749 640 833 quia
666 750 722 833 qui
747 753 860 832 postea
887 750 980 815 heres
1003 752 1088 830 arti-¹

67 841 158 926 terit,
175 838 340 903 videretur
359 859 399 902 ex
416 838 531 902 mortis
549 841 696 922 tempore
714 836 864 903 defuneto
882 840 1082 905 successisse.

163 928 214 993 11.
251 927 412 1011 D.16,1,
437 926 486 1004 16,
508 928 535 992 1.
588 926 679 990 Idem
715 922 774 1012 (sc.
801 924 961 1014 Iulianus)
997 928 1081 994 libro

66 1021 188 1103 quarto
222 1016 263 1080 ad
289 1013 444 1081 Urseium
472 1014 625 1080 Ferocem
654 1013 704 1102 (P.
724 1011 815 1100 924).
845 1050 882 1062 —
913 1013 948 1079 si
976 1017 1016 1081 ab
1044 1039 1082 1083 ea

66 1105 217 1187 muliere,
231 1125 312 1190 quae
327 1109 442 1169 contra
456 1107 586 1170 senatus
602 1103 785 1170 consultum
798 1100 1082 1193 (chelleianum)

64 1193 321 1278 intercessisset,
348 1193 571 1258 fideiussorem
595 1192 802 1276 accepissem,
828 1191 927 1258 Gaius
951 1191 1082 1258 Cassius

64 1282 240 1369 respondit
262 1282 311 1348 ita
334 1282 460 1346 demum
484 1281 665 1347 fideiussori
690 1281 912 1365 exceptionem
935 1281 1084 1366 dandam,

63 1374 91 1438 si
116 1395 137 1438 a
160 1371 295 1437 muliere
317 1376 452 1456 rogatus
475 1368 711 1436 111111εεί11111.

297 1548 347 1613 De
368 1549 558 1631 adquirendo
581 1567 686 1612 rerum
708 1548 854 1612 dominio.

158 1674 209 1739 16.
232 1671 354 1759 Hygia.
368 1673 407 1737 de
422 1693 494 1757 gen.
509 1675 654 1738 controv.
668 1695 698 1756 p.
715 1672 779 1735 124
794 1669 857 1758 (ed.
871 1667 1022 1758 Lachm).
1041 1707 1079 1718 -

65 1762 161 1829 Oiroa
184 1761 307 1826 Padum
323 1811 331 1826 .
345 1811 353 1826 .
368 1783 441 1826 cum
464 1765 624 1846 ageretur,
646 1762 731 1844 quod
753 1760 874 1825 flumen
897 1764 1024 1825 torrens
1049 1765 1082 1824 et

65 1850 243 1936 aliquando
271 1853 339 1915 tam
368 1849 547 1914 violentum
575 1849 731 1933 decurrit,
757 1854 795 1915 ut
822 1850 949 1914 alveum
977 1851 1083 1912 mutet

66 1945 100 2006 et
133 1940 312 2004 multorum
340 1938 405 2002 late
434 1957 530 2022 agros
557 1942 650 2003 trans
677 1937 796 2022 ripam,
830 1942 866 2002 11
892 1939 940 2002 111
968 1937 1081 2018 dicam,

64 2027 258 2106 transferat,
287 2049 384 2111 saepe
408 2027 507 2092 etiam
530 2026 655 2092 insulas
680 2028 813 2108 efficiat,
841 2024 973 2091 Cassius
996 2024 1083 2089 Lon-

65 2118 163 2204 ginus
184 2115 320 2182 ...hoc
347 2117 477 2199 statuit,
505 2120 542 2179 11
570 2115 725 2200 quidquid
753 2138 837 2200 aqua
864 2113 1081 2180 lambiseendo
1177 2194 1179 2200 Ι

63 2205 251 2290 abstulerit,
267 2204 301 2269 id
320 2226 489 2288 possessor
508 2205 649 2288 amittat,
667 2204 821 2288 quoniam
840 2204 963 2268 scilicet
976 2204 1082 2287 ripam

64 2317 158 2360 suam
184 2294 253 2358 sine
278 2294 410 2358 alterius
435 2294 553 2358 damno
578 2294 663 2358 tueri
687 2293 795 2378 debet,
819 2295 941 2357 sivero
962 2292 1082 2356 maiore

62 2385 96 2448 vi
125 2383 300 2448 decurrens
324 2383 451 2446 alveum
473 2385 647 2465 mutasset,
674 2403 767 2446 suum
793 2381 927 2466 quisque
951 2380 1082 2444 modum

64 2474 273 2558 agnosceret,
301 2472 456 2556 quoniam
484 2492 550 2536 non
573 2473 772 2553 possessoris
795 2469 1004 2556 neglegentia
1027 2468 1083 2532 sed

63 2560 271 2645 tempestatis
303 2559 462 2624 violentia
494 2559 665 2644 abreptum
694 2564 843 2644 apparet,
876 2559 903 2622 si
930 2578 1007 2621 vero
1035 2557 1082 2620 in·

65 2649 173 2714 sulam
197 2648 337 2730 fecisset,
361 2670 381 2713 a
404 2648 493 2713 cuius
518 2669 598 2733 agro
621 2647 761 2733 fecisset,
784 2646 811 2712 is
830 2645 1026 2731 possideret;
1049 2648 1083 2710 at

65 2739 94 2803 si
115 2759 154 2802 ex
178 2737 357 2821 communi,
382 2736 516 2821 quisque
541 2758 633 2802 suum
656 2736 823 2820 reciperet.

153 2857 191 2917 cf.
224 2855 362 2916 Frontini
394 2857 445 2916 lib.
475 2857 491 2915 Ι
528 2876 596 2917 cum
633 2859 801 2917 commento
833 2877 862 2932 p.
890 2857 930 2914 16
968 2855 1000 2913 11
1033 2873 1081 2915 n.:

63 2941 87 3004 ³.
103 2992 110 3005 .
126 2990 134 3005 .
151 2944 324 3005 lambiendo
344 2990 409 3023 ...,
437 2945 509 3022 quia
534 2964 595 3005 non
615 2938 681 3006 ...'
711 2949 742 3004 11
769 2964 805 3003 ex
828 2944 1082 3004 demonstratione

64 3034 141 3094 artis
163 3034 367 3110 geometricae
391 3036 532 3110 excerpta
554 3035 625 3094 ibid.
648 3055 677 3109 p.
693 3035 770 3094 399:
801 3029 824 3093 ἵ
839 3081 845 3092 .
862 3031 982 3092 Cassius
1005 3032 1083 3091 Lon-

62 3123 153 3200 ginus
174 3122 301 3182 ...111
329 3123 451 3199 statuit,
483 3127 520 3182 11
546 3123 688 3201 quicquid
715 3141 795 3199 aqua
816 3120 987 3181 lambiendo
1015 3120 1083 3180 abs-

63 3211 184 3288 tulerit,
210 3229 367 3287 possessor
394 3212 529 3287 umittat,
558 3213 700 3289 quoniam
728 3211 843 3271 scilicet
873 3210 970 3285 ripam
998 3226 1084 3268 suam

65 3299 130 3358 sine
158 3300 285 3359 alterius
314 3300 422 3360 damno
451 3301 531 3360 tueri
558 3301 655 3360 debet.
688 3300 714 3359 si
736 3319 807 3360 vero
835 3299 932 3358 maior
959 3296 1005 3358 vis
1034 3296 1083 3353 de-

67 3389 208 3466 currerit,
236 3392 267 3447 et
290 3389 321 3448 in
344 3389 418 3449 fines
442 3389 568 3450 alterius
591 3390 711 3450 alveum
735 3391 834 3448 mutat
858 3407 955 3464 suum,
978 3388 1009 3444 et
1031 3384 1084 3442 fiat

138 3564 152 3610 1
177 3558 225 3613 Fl.
244 3561 359 3630 rogatus
375 3558 483 3613 fnisset.
