2422 3976
95 176 1104 244 178111.amomuonunaon.omsmrauruumscous.
1132 165 1144 185 ·

93 368 165 407 num
192 347 396 407 aminoribus
419 346 529 425 viginti
554 346 639 406 annis
663 346 790 407 dominis
812 346 910 422 possit
932 348 1014 422 apud
1036 367 1104 408 con·

94 437 195 496 silium
218 435 402 512 manumitti,
426 436 554 496 fortasse
578 436 741 496 secundum
763 434 913 495 Urseium.

400 624 451 690 De
473 626 573 708 operis
595 625 799 690 llbertoram?

184 741 235 806 14.
259 739 297 805 D.
311 740 365 824 44,
379 739 410 824 5,
425 742 454 820 1,
470 739 521 806 10.
556 739 716 824 Ulpianus
738 740 822 804 libro
841 741 1105 826 septuagensimo

96 833 186 894 sexto
211 829 252 894 ad
273 828 411 894 edictum
431 827 480 916 (P.
495 827 605 915 1684).
625 865 667 875 -
687 829 760 894 ..si
778 832 934 912 patronus
952 829 1106 896 libertum

96 940 190 982 suum
222 917 420 1002 delegaverit
452 917 616 1001 creditori,
649 939 691 982 an
722 917 876 982 adversus
904 918 1106 1004 creditorem,

95 1007 148 1071 oui
171 1006 341 1091 delegatus
363 1007 514 1090 promisit
537 1006 699 1071 libertatis
723 1028 820 1071 causa
839 1006 1030 1093 onerandas,
1053 1029 1104 1073 ex·

94 1095 241 1180 ceptione
260 1095 325 1159 ista
344 1091 401 1181 (so.
417 1095 597 1159 onerandas
616 1095 777 1160 libertatis
797 1092 909 1182 causa)
928 1095 978 1160 uti
991 1097 1107 1183 possit,

93 1184 270 1249 videamus.
307 1187 339 1248 et
354 1181 519 1248 Cassium1
533 1184 735 1249 existimasse
749 1181 882 1249 Urseius
895 1184 996 1248 refert
1010 1185 1108 1250 credi·

92 1277 197 1338 torem
220 1271 349 1356 quidem
376 1273 507 1337 minime
535 1293 606 1337 esse
633 1271 887 1337 submovendum
910 1274 1107 1359 exceptione,

94 1362 171 1447 quia
189 1383 281 1426 suurn
296 1361 429 1446 recepit,
447 1365 669 1426 verumtamen
689 1361 843 1426 libertum
857 1363 997 1444 patrono
1011 1383 1107 1447 posse

94 1450 275 1534 condicere,
308 1450 337 1514 si
368 1471 434 1514 non
467 1449 694 1534 transigendae
727 1450 966 1516 controversiae
1000 1451 1107 1536 gratia

93 1538 127 1602 id
150 1539 237 1604 fecit.

456 1642 507 1710 De
529 1645 747 1710 macione.

185 1757 235 1823 15.
264 1757 304 1822 D.
321 1759 371 1843 10,
386 1760 415 1839 2,
431 1760 474 1824 52
481 1782 527 1843 pr.
568 1759 658 1824 Idem
682 1757 740 1847 (sc.
763 1755 925 1847 Iulianus)
949 1760 1037 1827 libro
1061 1784 1106 1828 sc·

95 1846 198 1911 cundo
223 1846 263 1911 ad
283 1845 432 1912 Urseium
451 1847 604 1914 Ferocem
628 1848 676 1935 (P.
692 1845 782 1934 896).
805 1884 847 1894 -
871 1847 1029 1932 Maevius,
1053 1852 1107 1936 qui

93 1957 154 2001 nos
178 1935 311 2001 heredes
333 1937 424 2021 fecit,
450 1958 518 2001 rem
542 1960 745 2003 communem
768 1936 884 2001 habuit
906 1957 981 2002 oum
1005 1940 1105 2006 Attio.

95 2024 123 2089 si
151 2046 223 2089 eum
247 2025 340 2089 Attio
365 2026 529 2091 communi
553 2026 727 2091 dividundo
752 2026 933 2111 egissemus
957 2031 990 2092 et
1013 2029 1105 2094 nobis

95 2135 133 2177 ea
164 2135 215 2177 res
249 2113 432 2179 adiudicata
465 2118 564 2198 esset,
596 2119 766 2180 venturam
798 2136 869 2178 eam
901 2115 937 2178 in
964 2115 1106 2183 familiae

96 2202 299 2267 erciscundae
323 2203 441 2269 iudicio
465 2198 621 2269 Proculus
645 2204 700 2268 ait.

185 2310 236 2377 16.
271 2310 352 2374 Ibid.
380 2312 450 2390 §Z
486 2346 523 2357 -
558 2311 692 2375 Arbiter
729 2310 870 2376 familiae
903 2312 1107 2377 erciscundae

94 2399 180 2463 inter
205 2421 255 2463 me
279 2403 312 2463 et
335 2403 538 2483 tesumptus
563 2400 720 2484 quaedam
744 2400 837 2479 mihi,
865 2401 1026 2483 quaedam
1048 2400 1107 2466 tibi

95 2488 277 2553 adiudicare
300 2488 446 2571 volebat,
475 2509 534 2571 pro
557 2488 608 2552 his
631 2490 727 2553 rebus
752 2488 891 2553 alterum
914 2489 1012 2553 alteri
1036 2511 1105 2555 con·

95 2576 292 2641 demnandos
316 2598 386 2641 esse
408 2577 628 2661 intellegebat.
666 2578 846 2661 quaesitum
866 2582 924 2662 est,
943 2600 985 2642 an
1003 2578 1107 2662 possit

94 2666 283 2748 pensatione
315 2666 403 2729 ultro
436 2665 580 2751 citroque
613 2667 890 2731 condemnationis
918 2665 1007 2732 facta
1036 2688 1106 2732 eum

96 2753 210 2836 solum,
230 2755 320 2831 cuius
340 2776 466 2818 summa
485 2755 658 2838 excederet,
677 2755 746 2818 eius
766 2755 935 2819 dumtaxat
955 2777 1106 2837 summae,

96 2863 177 2925 quae
201 2842 249 2906 ita
272 2842 446 2925 excederet,
472 2844 634 2908 damnare.
680 2847 712 2908 et
735 2843 857 2927 placuit
880 2865 978 2927 posse
1002 2844 1037 2909 id
1059 2865 1104 2910 ar·

95 2929 217 2993 bitrum
239 2929 355 2996 facere.

152 3072 155 3079 »
186 3038 236 3101 17.
259 3036 298 3100 D.
315 3037 364 3122 10,
380 3038 410 3121 3,
420 3036 450 3102 5.
483 3037 628 3103 Iulianus
643 3038 727 3103 libro
744 3039 884 3103 secundo
900 3038 939 3103 ad
954 3038 1104 3105 Urseium

95 3124 247 3190 Ferocem
263 3122 313 3211 (P.
323 3126 412 3206 897).
422 3163 464 3172 -
478 3125 531 3211 (D.
543 3126 594 3204 10,
604 3128 634 3211 3,
644 3128 674 3210 4,
683 3127 714 3193 4.
742 3126 833 3191 Idem
852 3149 894 3192 sc.
908 3125 985 3212 Ulp.
999 3128 1021 3194 l.
1030 3124 1104 3192 m

96 3214 135 3278 ad
164 3215 211 3278 ed.
249 3211 290 3279 ἱ.
314 3216 427 3279 scribit
449 3214 611 3299 Iulianus,
639 3217 666 3280 si
695 3217 785 3281 missi
810 3217 844 3280 in
866 3219 1104 3301 possessionem

96 3302 206 3368 damni
224 3303 337 3367 infecti
357 3305 456 3368 simus
477 3309 509 3369 et
524 3308 607 3389 ante,
626 3328 722 3389 quam
736 3305 901 3388 possidere
915 3306 1104 3384 iuberemur,

168 3485 181 3532 1
212 3479 258 3533 Fl.
289 3453 411 3533 ‘Cassius
445 3479 618 3534 existimasse
650 3480 802 3549 Urseium'‚
839 3497 925 3547 quam
956 3479 1102 3536 lectionem

95 3548 225 3605 Karlowa
243 3550 255 3602 I
275 3555 327 3604 694
345 3549 478 3607 defendit.
