2422 3976
346 194 371 240 4.
392 184 421 240 C.
435 184 581 240 casales
598 184 784 243 sonemus
1030 189 1073 254 39

144 351 244 413 Cassii
267 353 449 413 definitionis
473 372 492 413 a
510 353 690 413 'llriboniano
712 355 745 414 in
767 355 865 429 breve,
889 357 1073 434 stridebat,

55 445 177 502 coactae
209 442 378 502 Mommsen
413 443 489 502 hanc
524 443 588 502 fere
625 443 786 520 genuinam
819 445 947 504 formam
978 447 1072 506 fuisse

54 531 178 591 conicit:
210 522 334 590 ‘fratres
366 534 397 590 et
428 549 544 591 sorores
577 550 613 590 ex
645 532 748 591 eodem
778 537 867 609 patre
892 529 984 610 qnia'
1034 537 1073 596 cf.

55 619 125 696 Ulp.
131 621 169 680 fr.
177 621 254 698 26,1
268 614 497 681 ‘Intestatorum
510 619 712 696 ingenuorum
725 621 906 682 hereditates
920 623 1073 700 pertinent

54 709 189 784 primum
211 709 251 768 ad
274 728 344 769 suos
367 709 492 768 heredes
584 710 609 768 si
632 709 680 768 aui
701 710 826 770 heredes
848 729 909 770 non
932 715 1010 790 sunt,
1033 711 1072 772 ad

54 798 309 875 consanguineos,
335 797 367 857 id
390 800 437 857 est
458 798 567 857 fratres
592 800 623 856 et
645 816 762 858 sorores
786 818 821 858 ex
844 799 949 859 eodem
970 804 1071 879 petre3

55 886 81 944 si
102 905 160 946 nec
182 887 216 944 hi
238 890 318 962 sunt,
340 887 378 946 ed
396 887 527 963 reliquos
547 889 672 963 agnatos
695 886 845 962 proximos
864 883 928 948 ...'
965 889 1073 949 Collat.

58 976 109 1050 16,
119 976 179 1052 6‚1
205 974 290 1034 Idem
314 966 368 1056 (sc.
382 967 475 1056 Ulp.).
512 968 597 1034 ‘Post
620 994 691 1035 suos
715 977 752 1035 ab
775 976 920 1036 intestato
943 977 1073 1055 legitimi

54 1064 275 1142 admittuntur,
301 1063 433 1140 primum
455 1063 669 1142 consanguinei
692 1107 699 1122 .
721 1059 978 1142 (consanguinei)
1002 1072 1073 1126 eunt

55 1152 150 1211 freter
178 1154 210 1212 et
236 1170 333 1227 soror,
360 1153 411 1228 qui
433 1152 466 1210 in
488 1152 623 1212 eiusdem
645 1155 797 1228 potestate
820 1152 917 1228 patris
940 1153 1072 1229 fuerunt,

55 1240 114 1299 etsi
146 1259 184 1300 ex
216 1241 342 1302 diversis
374 1241 521 1301 matribus
553 1241 618 1300 nati
650 1243 728 1300 sunt.
778 1242 1014 1317 consanguineos
1042 1248 1073 1302 et

53 1328 180 1405 adoptio
211 1330 285 1389 facit
316 1332 348 1389 et
380 1329 536 1408 adrogatio
568 1323 644 1407 <et>
677 1348 784 1389 causae
814 1330 953 1406 probatio
983 1334 1014 1390 et
1041 1332 1072 1390 in

54 1436 181 1477 manum
202 1412 381 1479 conventio?

224 1550 270 1606 Dc
286 1552 434 1608 hereditate
452 1556 517 1607 ante
532 1553 678 1606 cratim
695 1552 727 1606 iu
744 1553 805 1607 iure
822 1568 903 1608 ema

145 1656 211 1718 aar
226 1659 260 1734 3,
275 1659 316 1718 85
347 1701 376 1717 ..
404 1657 429 1717 si
451 1657 618 1734 legitimam
640 1657 840 1717 hereditatem
860 1658 960 1736 heres,
989 1663 1072 1719 ante·

54 1765 147 1822 qnam
179 1749 283 1806 cernat
315 1749 370 1806 aut
395 1765 450 1822 pro
477 1746 586 1805 herede
614 1748 713 1824 gerat,
746 1746 798 1805 alii
824 1746 856 1805 in
882 1747 948 1806 iure
975 1748 1072 1822 cedat,

53 1835 144 1911 pleno
167 1835 233 1894 iure
256 1835 292 1894 fit
314 1835 365 1894 ille
388 1835 488 1910 heres,
514 1835 562 1894 eui
583 1853 667 1894 cessa
689 1836 736 1894 est
759 1835 923 1911 hereditas,
945 1837 1070 1912 proinde

56 1942 91 1982 ac
114 1924 141 1982 si
164 1923 229 1999 ipse
252 1942 306 2000 per
328 1924 428 2000 legem
451 1923 489 1982 ad
511 1923 710 1983 hereditatem
733 1926 896 1984 vocaretur.

148 2024 200 2089 12.
223 2025 294 2089 Gai.
304 2024 334 2108 3,
345 2024 397 2090 87.
418 2060 456 2071 -
478 2021 562 2089 Suus
582 2029 689 2089 autem
709 2028 741 2089 et
758 2025 959 2091 necessarius
978 2025 1072 2090 heres

56 2136 98 2178 an
132 2113 257 2198 aliquid
289 2119 390 2198 agant
415 2113 451 2177 in
479 2115 548 2177 iure
580 2112 721 2178 cedendo
749 2115 922 2198 quaeritur.
968 2115 1073 2179 nostri

54 2207 283 2287 praeceptores
306 2201 389 2266 nihil
413 2223 468 2267 eos
493 2222 587 2287 agere
611 2202 806 2267 existimant.

269 2358 315 2413 Dc
332 2360 433 2414 ecdico
451 2377 470 2414 c
487 2359 588 2414 mortui
605 2359 723 2414 debitore
736 2360 861 2429 petendo.

147 2458 199 2524 13.
226 2457 266 2523 D.
280 2459 314 2542 5,
331 2461 434 2542 1‚28‚
448 2459 479 2524 5.
523 2457 643 2523 Paulus
671 2457 756 2523 libro
785 2460 923 2543 septimo
947 2458 1070 2523 decimo

56 2545 96 2610 ad
120 2545 288 2612 Plautium
311 2545 362 2634 (P.
379 2545 487 2633 1232).
510 2583 552 2593 -
576 2543 611 2611 Si
639 2551 734 2632 pater
758 2547 901 2611 familias
925 2550 1072 2611 mortuus

56 2638 145 2700 esset
172 2636 285 2702 relicto
312 2659 377 2702 uno
404 2637 472 2701 filio
500 2641 533 2700 et
555 2657 654 2701 uxore
677 2640 869 2721 praegnatis,
896 2656 963 2700 non
984 2638 1073 2700 recte

55 2723 144 2788 filius
177 2746 197 2788 a
229 2725 429 2789 debitoribus
462 2728 589 2808 partem
621 2724 788 2789 dimidiam
820 2724 933 2789 crediti
961 2729 1071 2807 petere

57 2816 178 2897 potest,
189 2815 336 2896 quamvis
345 2818 461 2899 postea
474 2834 558 2878 unus
567 2813 656 2877 filius
666 2816 762 2877 natus
773 2813 817 2877 sit
831 2812 922 2896 [quia
931 2820 1074 2894 poterant

56 2901 168 2985 plures
195 2903 300 2984 nasci,
328 2924 401 2967 cum
427 2923 486 2985 per
512 2923 621 2966 rerum
648 2906 799 2966 naturam
822 2908 945 2966 certum
972 2902 1073 2966 fuerit

56 3011 160 3054 nnum
174 2989 291 3071 nasci].
323 2991 378 3055 sed
392 2989 531 3056 Sabinus
547 2987 679 3054 (lessius
694 2993 820 3073 partem
840 2993 989 3074 quartam
1003 2992 1072 3075 peti

57 3078 217 3162 debuisse,
237 3080 313 3163 qnia
333 3082 493 3144 incertum
513 3084 607 3161 essct,
626 3101 668 3142 an
687 3082 754 3143 tres
773 3083 981 3144 nascerentur
999 3081 1073 3159 [nec

57 3188 165 3231 rerum
188 3175 340 3233 naturam
362 3167 560 3250 intuendam,
583 3168 616 3231 in
636 3168 826 3251 quaomnia
846 3173 934 3232 certa
952 3171 1071 3250 essent,

58 3275 132 3319 cnm
160 3255 270 3321 futura
297 3257 409 3342 ntique
441 3256 570 3340 fierent,
602 3256 658 3320 sed
689 3259 836 3321 nostram
867 3256 1071 3320 inscientiam

59 3345 162 3427 aspici
186 3344 328 3430 debere}

147 3455 231 3526 Quae
252 3458 337 3517 uncis
361 3457 478 3534 inclusi,
501 3475 598 3534 neque
615 3457 751 3516 veterum
774 3473 870 3531 neque
893 3454 982 3513 Pauli
1004 3472 1069 3514 esse

60 3541 126 3604 iure
147 3548 251 3604 censet
274 3545 407 3607 Perniee.
448 3547 485 3605 cf.
508 3545 578 3603 112
603 3565 630 3620 p.
652 3545 725 3604 581.
