2422 3976
493 158 518 207 2.
537 150 700 207 Puessus
1034 154 1098 218 201

121 305 202 378 hutini
231 315 308 380 facti
336 337 376 380 ex
402 315 474 400 lege
503 315 595 379 Aelia
623 312 735 381 Sentis
762 314 958 398 habuerunt,
991 319 1100 382 tamen

120 404 208 480 postes
233 404 513 469 senatusconsulto
542 402 628 489 quod
651 402 776 488 Pegaso
806 407 838 468 et
861 403 999 469 Pusione
1028 426 1101 470 con·

121 488 218 556 suibus
239 492 363 558 factum
386 497 445 577 est,
468 492 568 558 etiam
591 490 767 557 maioribus
786 492 924 579 triginta
942 514 1100 559 annorum

63 656 66 665 Ι
120 579 299 646 manumissis
324 580 448 646 Latinis
472 581 568 646 factis
592 602 779 646 concessum
803 587 861 646 est.

410 818 438 877 2.
465 810 516 876 De
536 811 786 892 fideicommissis.

186 937 210 1001 1.
242 934 313 1001 Gai.
332 935 367 1014 2,
385 934 459 999 254.
490 971 528 981 —
558 936 687 1020 ..quia
717 934 850 999 heredes
883 935 995 1018 scripti
1029 957 1101 1001 enm

119 1023 159 1084 sut
181 1027 282 1090 totam
314 1022 527 1088 hereditatem
561 1028 616 1087 aut
645 1045 746 1107 paene
778 1027 880 1088 totam
912 1025 1102 1108 plerumque

118 1111 261 1177 restituere
279 1112 488 1195 rogabantur,
510 1111 596 1176 adire
615 1112 826 1177 hereditatem
845 1112 886 1177 ob
901 1112 1027 1176 nullum
1047 1118 1102 1178 ant

118 1195 260 1266 ahimam
291 1201 416 1266 lucrum
445 1201 653 1281 recusabant,
681 1205 777 1285 atque
805 1200 846 1265 ob
875 1199 909 1264 id
936 1199 1101 1285 extingue·

118 1279 210 1354 bantur
222 1287 479 1372 fideicommissa,
497 1293 612 1372 postea
626 1287 682 1374 (sc.
697 1294 773 1373 post
787 1291 1102 1354 senatusconsultum

63 1382 65 1451 ζ
118 1367 348 1464 Trebellianum)
368 1377 493 1459 Pegaso
512 1381 545 1442 et
565 1377 703 1444 Pusione
721 1377 952 1462 (consulibus)
971 1383 1102 1443 senatus

63 1462 66 1529 ᾧ
117 1468 225 1551 enauit,
247 1471 284 1532 ut
307 1468 336 1531 ei
360 1466 416 1551 qui
436 1470 569 1550 rogatus
588 1470 674 1530 esset
691 1466 904 1531 hereditatem
923 1467 1102 1549 restituere,

63 1550 65 1601 ἱ
117 1552 228 1626 proinde
250 1558 363 1620 liceret
385 1559 534 1638 quartam
557 1559 682 1638 partem
706 1556 855 1640 retinere,
879 1560 975 1639 atque
995 1575 1011 1619 e
1030 1557 1102 1642 lege

63 1650 65 1735 ξ
117 1629 234 1710 Falcidia
255 1646 291 1709 in
314 1644 432 1728 legatis
456 1645 594 1707 retinere
616 1644 810 1710 conceditur.

63 1762 66 1859 ,
185 1767 211 1833 2.
233 1766 303 1833 Gai.
318 1768 348 1852 2,
362 1767 436 1833 258.
462 1803 499 1814 -
517 1817 547 1834 ..
566 1768 594 1832 si
612 1773 739 1833 recuset
753 1769 892 1853 scriptus
907 1768 1000 1833 heres
1015 1769 1102 1835 adire

117 1841 306 1922 hereditatem
330 1858 371 1921 ob
395 1855 427 1920 id
445 1856 532 1941 quod
550 1856 636 1920 dicat
654 1878 725 1921 eam
745 1857 808 1921 sibi
828 1862 1010 1941 suspectam
1031 1880 1102 1923 esse

117 1943 186 2019 quasi
211 1945 414 2030 damnosam,
446 1949 578 2009 cavetur
603 1943 783 2029 Pegasiano
813 1947 1101 2029 senatusconsulto,

116 2028 142 2090 ll
163 2032 364 2099 desiderante
397 2055 434 2098 eo
466 2035 517 2097 cui
549 2034 717 2098 restituere
749 2039 883 2119 rogatus
918 2038 980 2118 est,
1013 2035 1104 2099 iussu

115 2122 252 2192 praetoris
283 2122 378 2186 adeat
406 2124 439 2185 et
461 2123 622 2206 restituat,
645 2123 841 2208 proindeque
856 2123 894 2186 ei
917 2127 949 2187 et
972 2125 1006 2187 in
1030 2144 1103 2187 eum

63 2212 67 2273 ἒ
115 2207 155 2286 qui
174 2211 328 2295 receperit
350 2209 616 2295 <hereditatem>,
640 2212 783 2277 actiones
807 2211 934 2295 dentur,
964 2212 1102 2276 sciuris

114 2298 151 2359 est
170 2319 206 2363 ex
228 2299 509 2364 senatusconsulto
533 2299 805 2366 Trebelliano...

182 2409 216 2469 cf.
240 2409 264 2469 I.
284 2412 313 2487 2,
333 2411 383 2486 23,
403 2412 430 2470 5.
481 2404 522 2470 ἶ.
546 2409 722 2486 Vespasiani
753 2410 886 2487 Augusti
917 2410 1103 2484 temporibus

111 2484 206 2574 Pegaso
235 2501 266 2557 et
288 2498 416 2558 Pusione
444 2498 616 2559 oonsulibus
640 2503 759 2559 senatus
783 2499 899 2558 censuit
921 2501 957 2557 ut
971 2545 977 2558 .
993 2545 999 2556 .
1015 2492 1034 2559 .'
1059 2516 1103 2558 se-

110 2590 228 2658 qunntur
251 2585 308 2646 Gai
330 2587 423 2646 rerba
445 2607 537 2664 supra
559 2588 662 2648 allata.

182 2706 211 2770 3.
238 2703 306 2770 Gai.
320 2706 350 2790 2,
364 2704 453 2772 286⁸.
477 2743 518 2753 —
544 2707 658 2771 ..orbi
682 2706 736 2789 qui
759 2728 817 2789 per
840 2707 946 2791 legem
970 2705 1104 2791 Papiam

106 2786 244 2859 dimidias
304 2798 390 2859 artes
427 2793 642 2859 hereditatum
680 2795 924 2879 legatorumque
959 2796 1104 2881 perdunt,

103 2880 172 2946 olim
210 2816 316 2948 solida
351 2881 603 2948 fideicommissa
634 2883 826 2947 videbantur
857 2904 968 2968 capere
1000 2907 1104 2968 posse.

102 2971 150 3035 sed
180 2977 297 3057 postea
329 2973 607 3036 senatusconsulto
636 2970 815 3056 Pegasiano
850 2972 984 3056 proinde
1016 2974 1104 3037 fidei·

100 3060 268 3125 commissa
286 3081 411 3144 quoque
431 3082 468 3124 ac
486 3061 595 3145 legata
608 3059 866 3145 hereditatesque
881 3083 994 3146 capere
1008 3082 1104 3145 posse

97 3148 251 3232 prohibiti
278 3151 369 3232 sunt,
402 3170 501 3232 eaque
529 3149 688 3213 translata
716 3154 791 3213 sunt
818 3149 858 3213 ad
887 3172 942 3215 eos
970 3152 1023 3233 qui
1050 3147 1106 3231 <in

97 3239 153 3322 eo>
180 3240 378 3302 testamento
407 3237 528 3301 liberos
557 3238 691 3318 habent,
720 3241 776 3302 aut
803 3237 831 3302 si
854 3240 962 3302 nullus
986 3238 1104 3301 liberos

97 3324 244 3409 habebit,
272 3325 313 3389 ad
340 3327 510 3410 populum,
539 3326 620 3390 sicut
643 3326 722 3390 iuris
747 3330 796 3391 est
818 3328 852 3390 in
874 3327 992 3409 legatis
1016 3328 1049 3388 et
1071 3325 1105 3387 in

95 3413 340 3552 pereclitatibus,
363 3435 444 3499 quae
468 3414 578 3479 eadem
602 3418 659 3478 aut
679 3415 777 3480 simili
795 3437 834 3480 ex
852 3412 969 3496 cau<sa
987 3412 1106 3478 caduca
