2422 3976
217 215 254 273 V.
272 214 372 284 QUOD
392 213 561 272 ‘DIUITUR’
582 215 653 272 VEL
674 213 808 270 ‘VULGO
828 213 997 270 DICITUR’.
1049 214 1114 277 587

186 377 230 445 5¹.
268 377 308 443 D.
341 379 397 463 23,
425 380 462 464 3,
484 377 541 461 56,
564 380 593 444 3.
647 376 736 442 Idem
770 375 827 464 (sc.
858 374 992 462 Paulus)
1027 376 1114 440 libro

100 471 190 535 saxio
213 466 255 532 ud
278 465 449 533 Plautium.
477 504 514 514 -
542 517 569 531 ..
590 467 707 531 dicitur
728 467 926 531 necessarias
950 468 1116 550 impensas

99 557 168 643 ipso
192 555 263 621 iure
287 556 396 622 dotem
419 556 570 620 minuere.

186 640 233 710 52.
256 643 296 711 D.
319 644 370 721 25,
398 647 424 724 1,
448 644 527 728 5pr.
551 643 711 728 Ulpianus
734 643 817 708 libro
837 642 1005 727 trigesimo
1019 634 1116 707 'sexto

98 733 137 799 ad
156 731 326 799 Sabinum.
344 770 386 779 -
411 733 576 800 ..dicitur
599 733 798 798 necessarias
822 733 984 814 impensas
1009 731 1117 795 dotem

98 842 253 887 minuere.

185 915 280 975 Plena
297 914 420 991 Ulpiani
438 914 529 975 verba
547 919 630 974 sunl:
651 910 749 985 ‘Quod
768 913 879 973 dicitur
898 959 948 973 ...
968 913 1111 991 minuere,

98 1005 142 1064 sia
172 1003 232 1064 erit
259 1003 477 1080 accipiendum,
505 1007 540 1062 ul
568 1007 599 1063 et
625 1003 808 1080 Pomponius
837 997 901 1076 ait',
928 1003 973 1061 ila
995 1004 1029 1061 ul
1052 1003 1112 1061 iam

97 1093 264 1170 Pomponio
288 1091 404 1152 (lictum
426 1092 501 1151 illud
524 1096 629 1151 notum
652 1093 746 1151 fuisse
769 1093 922 1168 appareat.

186 1175 217 1241 6.
249 1173 288 1239 D.
321 1177 375 1260 24,
407 1177 435 1258 l,
470 1177 520 1257 11,
555 1178 582 1240 1.
636 1175 794 1259 Ulpianus
827 1174 913 1238 libro
945 1174 1113 1258 trigesimo

97 1263 239 1331 seeundo
264 1262 304 1328 ad
329 1262 493 1329 Sabinum.
517 1301 557 1310 -
583 1315 616 1328 ..
636 1264 752 1328 dicitur
770 1265 883 1328 mortis
903 1284 997 1327 causa
1017 1262 1114 1326 dona·

96 1353 224 1420 lionam
249 1353 337 1417 inter
360 1353 465 1418 virum
489 1357 522 1417 el
545 1375 678 1417 uxorem
702 1353 818 1417 valere.

519 1512 568 1578 De
591 1513 700 1577 tutelis

188 1611 218 1675 7.
242 1608 281 1675 D.
305 1611 357 1690 26,
382 1611 411 1694 8,
436 1611 454 1673 7
478 1631 525 1692 pr.
573 1609 732 1694 Ulpianus
757 1609 840 1673 libro
865 1607 1115 1692 quadragesimo

96 1700 138 1765 ud
161 1695 328 1764 Sabinum.
352 1735 394 1744 -—
419 1746 446 1762 ..
470 1698 605 1762 dicimus
628 1698 663 1762 in
686 1720 755 1762 rem
774 1720 866 1762 suam
885 1697 1114 1763 auctoritatem

96 1787 343 1855 accommodare
366 1790 507 1851 tutorem
530 1808 596 1851 non
619 1809 722 1871 posse.

188 1876 217 1942 8.
241 1874 279 1940 D.
303 1875 356 1958 26,
380 1878 409 1957 1,
431 1876 453 1939 4
476 1898 522 1960 pr.
567 1874 686 1939 Paulus
709 1875 793 1940 libro
817 1878 931 1939 octavo
955 1876 997 1938 ad
1021 1872 1113 1939 Sabi-

96 1984 185 2030 num.
215 2000 254 2012 -
284 2012 313 2030 ..
337 1963 461 2046 dieitur,
489 1965 516 2027 si
544 1964 730 2030 indistincte
761 1964 853 2028 datus
878 1963 922 2027 sil
944 1961 1053 2047 tut0r1,
1077 1963 1112 2027 in

95 2057 204 2120 lotum
226 2053 319 2118 litum
342 2052 453 2117 (lulum
477 2052 586 2117 videri.

187 2141 218 2208 9.
258 2140 299 2205 D.
331 2142 387 2221 27,
419 2143 453 2225 3,
485 2142 519 2223 9,
546 2141 575 2204 4.
627 2139 785 2224 Ulpianus
817 2140 900 2203 libro
933 2139 1110 2204 vicensimo

96 2226 220 2318 (potius
241 2230 425 2314 trigesimo)
450 2231 562 2314 quinto
586 2229 626 2292 ad
647 2229 796 2294 edictum.
818 2265 855 2274 -
954 2227 1110 2292 traditum

97 2323 149 2384 ast
165 2318 327 2405 pupillum
346 2340 418 2383 cum
440 2322 546 2383 tutore
571 2339 629 2382 suo
653 2337 749 2402 agere
772 2318 891 2382 tutelas
916 2339 980 2382 non
1003 2337 1108 2400 posse.

493 2476 543 2542 De
563 2477 666 2557 furtis.

191 2575 241 2640 10.
271 2572 343 2639 Gai.
375 2575 404 2657 3,
437 2575 508 2639 198.
539 2610 576 2620 -
606 2623 636 2639 ..
664 2575 692 2638 si
723 2574 832 2638 credat
864 2574 980 2657 aliquis
1008 2573 1113 2638 invito

99 2663 232 2730 domino
257 2686 290 2728 se
313 2685 382 2727 ram
409 2666 617 2746 contrectare,
640 2662 772 2727 domino
796 2666 904 2743 autem
929 2661 1056 2726 volente
1079 2661 1113 2726 id

97 2753 168 2837 fiai,
191 2752 310 2817 dicitur
333 2750 456 2816 furium
479 2773 545 2817 non
567 2751 645 2817 fieri.
1108 2785 1111 2791 ·

460 2910 510 2976 De
533 2911 593 2993 lupe
615 2911 755 2992 Aquilia.

191 3019 241 3085 11.
265 3017 304 3082 D.
323 3016 353 3102 9,
371 3018 401 3100 2,
420 3018 472 3102 49,
493 3018 520 3082 1.
558 3016 716 3100 Ulpianus
739 3017 823 3080 libro
848 3036 933 3079 nono
957 3014 1114 3097 Disputa-

99 3106 250 3208 tionum..
263 3143 301 3152 -
328 3157 335 3170 .
358 3156 365 3170 .
389 3106 506 3172 dicitur
530 3105 682 3169 damnum
705 3105 823 3169 iniuria
846 3103 956 3167 datum
980 3102 1113 3186 Aquilia

99 3218 260 3280 Persem
390 3282 440 3348 De
461 3282 626 3348 noualibus
648 3281 826 3346 actionibus.

192 3390 255 3455 12⁰.
275 3388 314 3456 D.
332 3389 385 3473 47,
404 3389 434 3473 2,
455 3391 504 3455 18.
541 3387 660 3453 Paulus
679 3388 763 3452 libro
783 3409 869 3452 nono
889 3386 930 3451 ad
949 3384 1114 3451 Sabinum.

100 3515 143 3527 —
167 3529 197 3545 ..
222 3478 340 3543 dicitur
363 3500 481 3542 noxam
504 3481 602 3561 capul
626 3478 723 3560 sequi.

173 3589 188 3636 1
211 3582 288 3638 Trib.
307 3583 427 3637 curator.
