2422 3976
95 188 160 252 522
459 184 739 240 ADDITAMENTA.

96 372 188 414 servo
222 370 295 413 meo
327 349 376 412 vel
409 369 489 431 puro
518 349 570 412 vel
603 347 661 412 sub
695 347 881 412 condicione
915 348 1029 413 eadem
1057 371 1111 414 res

96 439 205 522 legata
235 443 284 501 est
311 456 435 522 egoque
462 437 607 521 legatum
636 436 723 520 quod
745 436 826 501 mihi
849 437 961 502 datum
986 443 1039 502 est
1062 460 1111 502 re·

95 526 235 610 pudiem,
268 525 381 589 deinde
406 524 606 607 [condicione
635 526 805 606 existente]
836 525 868 591 id
898 525 986 610 quod
1015 548 1109 590 servo

96 637 167 679 meo
200 615 343 698 legatum
376 619 434 696 est,
466 613 580 678 vellem
614 613 654 677 ad
687 635 738 677 me
771 613 948 698 pertinere,
980 619 1108 698 partem

96 703 197 788 legati
220 703 352 766 deficere
376 724 567 786 responsum
590 706 648 766 est.

440 869 490 935 De
511 871 760 952 fideicommissis

187 985 250 1050 17?
274 984 311 1050 D.
331 986 382 1065 31,
403 985 453 1068 70,
472 987 502 1049 2.
524 985 613 1049 Idam
637 982 695 1071 (sc.
718 981 933 1070 Papinianus)
953 985 1041 1050 libro
1065 987 1110 1051 vi-

96 1075 215 1138 cesimo
249 1072 487 1149 Quaestionum.
521 1110 559 1120 —
595 1072 677 1139 Cum
711 1074 842 1158 quidam
874 1074 942 1137 filio
976 1095 1036 1138 suo
1072 1095 1109 1138 ex

95 1165 189 1247 parte
228 1162 343 1226 herede
376 1162 525 1227 instituto
558 1167 709 1245 patruum
742 1163 811 1226 eius
848 1162 1043 1227 coheredem
1080 1163 1108 1226 ei

96 1250 238 1315 dedisset
266 1254 298 1314 et
324 1251 365 1314 ab
391 1273 429 1316 eo
459 1251 602 1335 petisset,
630 1255 666 1314 ut
691 1251 793 1315 filium
817 1272 912 1314 suum
936 1273 996 1334 pro
1021 1251 1107 1316 virili

95 1341 246 1424 portione
264 1338 340 1403 filiis
359 1340 426 1402 suis
448 1339 637 1404 coheredem
660 1339 789 1422 faceret,
808 1340 837 1402 si
851 1339 982 1422 quidem
1003 1341 1108 1404 minus

96 1435 181 1491 esset
204 1428 239 1490 iu
260 1427 347 1492 virili
371 1428 528 1511 portione,
551 1450 647 1512 quam
669 1428 780 1492 fratris
798 1427 963 1492 hereditas
983 1428 1108 1511 habuit,

96 1516 178 1580 nihil
200 1515 338 1598 amplius
358 1515 426 1599 peti
443 1537 549 1600 posse,
567 1516 651 1600 quod
672 1517 701 1580 si
718 1517 801 1601 plus,
815 1517 915 1580 etium
934 1516 1109 1597 fructuum,

95 1625 175 1688 quos
208 1611 342 1687 patruus
373 1605 519 1688 percepit
549 1607 616 1688 vel,
650 1627 725 1671 cum
755 1607 920 1688 percipere
954 1607 1109 1688 potuerit,

96 1692 169 1757 dolo
197 1713 262 1756 non
291 1692 388 1777 cepit,
420 1693 601 1758 habendam
630 1715 700 1758 esse
727 1693 885 1758 rationem
915 1715 1107 1777 responsum

96 1784 154 1863 est,
177 1801 242 1844 non
263 1802 352 1844 secus
371 1803 469 1866 quam
489 1783 516 1845 si
536 1788 664 1847 centum
683 1782 813 1846 milibus
833 1783 953 1865 legatis
972 1788 1108 1868 rogetur

95 1872 174 1954 post
197 1872 326 1952 tempus
350 1871 506 1934 maiorem
530 1871 746 1954 quantitatem
769 1871 947 1935 restituere.

188 1956 250 2022 18?
274 1958 312 2021 D.
337 1959 388 2042 32,
414 1959 464 2037 11,
488 1960 515 2024 3.
546 1958 704 2042 Ulpianus
726 1959 811 2024 libro
836 1959 977 2024 secundo
1001 1958 1109 2024 Fidei-

96 2047 349 2111 commissorum.
380 2083 421 2092 —
446 2045 526 2112 Cum
559 2052 644 2111 esset
673 2048 744 2130 quis
773 2051 908 2131 rogatus
937 2048 1109 2113 restituero

95 2135 276 2217 portionem
310 2140 441 2218 accepta
479 2139 566 2199 certa
598 2138 794 2219 quantitate,
828 2158 1022 2218 responsum
1062 2142 1108 2201 est

95 2226 179 2287 ultro
209 2229 316 2307 petere
340 2225 445 2307 ipsum
469 2225 751 2289 fideicommissum
780 2225 820 2288 ab
853 2225 972 2289 herede
1006 2248 1106 2309 posse.

426 2392 476 2456 De
499 2394 631 2457 lehertote
653 2395 766 2458 relicto.

187 2508 236 2570 19.
271 2508 307 2570 D.
341 2509 396 2589 28,
429 2507 462 2590 5,
497 2509 575 2591 8pr.
608 2508 697 2572 Idem
736 2505 792 2594 (sc.
824 2506 986 2594 Iulianus)
1025 2510 1103 2572 libro

96 2597 237 2660 secundo
263 2597 301 2659 ad
326 2595 475 2661 Urseium
499 2595 657 2660 Ferocem.
683 2634 719 2642 -
746 2596 819 2660 Duo
845 2598 924 2661 socii
948 2599 1103 2681 quendam

96 2706 224 2747 servum
267 2706 468 2747 communem
515 2689 710 2749 testamento
752 2685 838 2749 facto
880 2686 1033 2750 heredem
1074 2690 1101 2749 et

95 2772 233 2835 liberum
266 2795 335 2836 esse
366 2773 542 2853 iusserunt3
576 2774 668 2837 ruina
704 2774 800 2837 simul
838 2775 987 2857 oppressi
1023 2775 1100 2857 peri·

95 2864 196 2924 erant.
234 2862 376 2944 plerique
416 2861 652 2944 responderunt
679 2862 740 2927 hoc
769 2884 844 2926 casu
875 2863 1002 2928 duobus
1026 2864 1098 2927 orci·

94 2971 171 3012 nuru
195 2949 344 3013 heredem
370 2951 514 3014 existere.

184 3039 235 3101 20.
269 3038 306 3100 D.
339 3040 395 3115 40,
432 3039 469 3120 4,
504 3040 580 3120 9pr.
612 3038 770 3122 Ulpianus
808 3040 893 3104 libro
931 3040 1099 3105 vicensimo

95 3130 209 3207 quarto
243 3126 282 3189 ad
316 3125 480 3192 Sabinum.
513 3164 555 3172 —
589 3125 623 3191 Si
655 3129 726 3212 quis
757 3128 803 3190 ita
830 3129 960 3213 legatus
989 3130 1043 3212 sit,
1068 3132 1099 3190 ut

94 3216 357 3293 manumittatur,
392 3216 419 3279 si
450 3217 666 3279 manumissus
694 3238 759 3279 non
788 3216 898 3298 fuerit,
926 3217 1008 3281 liber
1035 3236 1097 3280 esse

94 3303 200 3366 iussus
229 3300 287 3367 sil1
315 3303 406 3388 eique
430 3305 568 3387 legetur:
599 3311 631 3368 et
656 3304 841 3368 libertatem
866 3312 1045 3389 competere
1068 3307 1096 3366 et

93 3390 239 3472 legatum
263 3392 370 3455 deberi
395 3415 489 3475 saepe
512 3414 704 3475 responsum
729 3398 788 3458 est.

166 3552 179 3597 1
205 3547 252 3601 Fr.
272 3549 322 3603 est.
