2422 3976
109 187 173 251 218
198 187 243 243 IV.
258 185 474 241 VESPASIANI
488 185 562 240 ΤΙΤΙ
575 184 768 240 DOMITIANI
780 183 887 240 TEMP.
901 182 998 240 IURIS
1013 183 1120 242 CONS.

192 358 254 438 Qui
276 358 441 423 arbitrium
463 357 641 440 receperint,
662 362 697 420 nt
718 357 900 421 sententiam
922 357 1037 421 dicant.

73 492 76 498 ·
189 471 240 536 25.
268 471 307 536 D.
321 473 351 554 4,
367 474 397 554 8,
412 473 464 556 32,
479 473 508 537 8.
553 471 673 535 Paulus
699 471 782 535 libro
805 471 902 535 tertio
926 471 1052 536 decimo
1077 472 1119 535 ad

101 562 241 626 edictum
269 559 319 646 (P.
339 558 441 648 251⁰).
468 597 511 606 -
539 558 573 624 si
605 581 716 623 servus
744 559 1015 643 compromiserit,
1049 582 1118 624 non

100 650 280 736 cogendum
308 650 411 713 dicere
440 649 635 713 sententiam
658 648 829 731 arbitrum,
857 668 916 712 nec
938 649 966 713 si
989 648 1118 732 dixerit,

99 760 223 823 poenae
236 739 473 803 exsecutionem
484 737 621 801 dandam
631 737 670 800 de
680 737 804 819 peculio
815 738 910 819 putat
920 735 1116 802 Octauenus.

189 832 225 890 of.
244 832 345 891 Nerva
366 831 446 890 filius
469 831 504 890 D.
522 832 694 908 15,1,3,8
720 823 825 911 (supra
846 851 876 905 p.
891 824 937 912 8).

187 916 240 979 26.
267 914 397 999 Fragm.
420 915 458 978 de
481 915 621 978 formula
644 913 788 977 Fabiana
810 909 959 1000 (Collect.
974 914 1048 978 libr.
1064 913 1116 978 Ill

98 1026 129 1087 p.
143 1003 232 1087 300).
253 1040 291 1050 -
383 1003 421 1068 de
445 1003 504 1068 illo
528 1003 701 1085 quaeritur,
724 1002 753 1065 si
772 1024 830 1084 pro
849 1002 985 1077 muliere
1003 1002 1115 1068 dotem

99 1093 235 1175 dederit,
264 1093 334 1176 quis
361 1095 505 1155 teneatur
527 1091 590 1154 hac
612 1090 761 1155 formula.
807 1091 862 1153 sed
886 1091 920 1153 in
942 1092 1114 1174 proposito

99 1186 132 1245 et
157 1179 329 1246 Iavolenus
357 1181 527 1244 'confitetur
554 1200 627 1243 cum
650 1180 720 1243 viro
744 1179 905 1242 actionem
930 1200 1001 1243 esse
1026 1182 1060 1244 et
1081 1179 1113 1244 id

98 1271 133 1334 ta
150 1271 196 1333 rei
211 1269 343 1333 uxoriae
357 1269 505 1333 actionem
519 1267 676 1331 dissoluto
691 1267 897 1332 matrimonio
912 1289 978 1331 non
993 1269 1114 1333 venire.

99 1356 281 1423 Octavenus
305 1361 454 1420 manente
478 1356 607 1439 quidem
627 1356 832 1421 matrimonio
851 1377 947 1439 posse
967 1357 1021 1440 agi
1042 1379 1114 1421 oum

98 1447 214 1510 marito
248 1450 282 1508 et
312 1450 386 1527 post
417 1444 606 1528 divortium,
638 1447 812 1527 antequam
845 1444 956 1508 dotem
987 1444 1113 1529 reddat3

98 1535 183 1619 quod
206 1533 234 1597 si
256 1533 442 1616 reddiderit,
468 1556 539 1597 cum
563 1533 711 1616 muliere,
734 1539 767 1596 et
790 1533 817 1596 si
841 1533 918 1616 quid
941 1534 1115 1599 retinuerit

98 1623 249 1705 mantus,
272 1642 345 1685 cum
368 1627 514 1707 utroque.

159 1780 294 1863 Siquid
314 1785 421 1846 contra
443 1781 537 1864 lepem
559 1785 719 1846 serratusoe
740 1781 912 1846 coasultum
933 1781 1054 1860 factum

499 1889 562 1934 csse
583 1871 708 1934 dicetur.

184 1977 236 2040 27.
269 1975 307 2039 Ι).
325 1976 508 2058 20‚3,1‚2.
555 1974 739 2039 Marcianus
768 1975 852 2040 libro
882 1975 1043 2059 singulari
1072 1975 1109 2040 ad

96 2065 268 2128 formulam
292 2064 558 2148 hypothecariam
581 2060 632 2149 (P.
651 2060 718 2150 35).
743 2100 784 2110 -
889 2063 917 2126 si
940 2063 1108 2147 praedium

96 2154 168 2237 quis
191 2152 372 2237 litigiosum
396 2153 524 2236 pignori
548 2152 721 2235 acceperit,
749 2174 789 2216 au
814 2152 1002 2234 exceptione
1025 2175 1108 2216 sum·

96 2241 271 2305 movendus
287 2241 351 2304 sit?
375 2248 408 2304 et
419 2240 600 2304 Octauenus
614 2242 751 2325 putabat
766 2241 863 2304 etiam
875 2241 908 2303 in
918 2240 1106 2324 pignoribus

96 2331 200 2394 locum
226 2330 345 2393 habere
369 2329 597 2412 exceptionem.

183 2424 352 2482 Marcianus
380 2422 475 2480 addit:
505 2416 595 2498 ‘quod
622 2421 666 2480 ait
689 2421 832 2481 Scaevola
940 2421 1104 2496 procedere,

95 2515 131 2571 ut
154 2512 185 2570 in
209 2512 298 2570 rebus
321 2511 482 2570 mobilibus
506 2510 640 2584 exceptio
664 2512 764 2569 locum
786 2504 916 2569 habeat’.

183 2600 295 2677 Agitur
313 2601 349 2658 de
368 2599 540 2673 exceptione
558 2618 594 2656 ex
608 2598 704 2657 edicto
719 2598 860 2674 Augusti,
879 2617 939 2673 quo
954 2597 1102 2674 litigiosus

94 2689 205 2747 fundus
230 2708 247 2746 a
270 2708 329 2747 non
352 2687 521 2763 possidente
540 2687 706 2759 comparari
724 2686 902 2763 prohibetur
921 2683 973 2764 (fr.
988 2687 1024 2745 ds
1042 2687 1102 2744 iure

94 2776 158 2835 fisci
177 2775 196 2851 ξ,
217 2768 261 2856 8),
284 2776 381 2834 danda
400 2769 481 2857 (Gai.
501 2777 530 2853 4,
552 2769 641 2833 llll.
684 2776 720 2834 cf.
740 2776 831 2834 Lenel
850 2774 948 2834 Edict.
968 2795 998 2850 p.
1018 2765 1101 2852 406).

94 2865 222 2924 fortasse
248 2865 283 2922 de
307 2864 416 2923 fiducia
441 2863 610 2924 Octavenus
634 2863 719 2922 dixit.

450 3121 488 3202 4.
521 3126 756 3198 PLAUTIUS
829 3145 831 3149 ’

185 3271 258 3330 iuris
282 3271 398 3346 peritus
422 3269 525 3329 Cassio
549 3272 580 3327 et
598 3270 724 3329 Proculo
747 3270 845 3328 minor
866 3274 951 3346 natu,
974 3274 1096 3330 ceterum

96 3360 182 3420 nobis
201 3362 333 3437 ignotus,
356 3358 408 3434 qui
431 3359 505 3417 iuris
529 3360 736 3417 consultorum
758 3359 908 3433 responsis
932 3353 1096 3437 colligendis

95 3452 125 3508 et
157 3448 326 3525 digerendis
357 3465 478 3521 operam
504 3447 625 3506 videtur
653 3448 777 3505 dedisse.
829 3451 909 3507 certe
937 3447 1032 3524 ipsius
1058 3462 1096 3502 rc·

95 3556 205 3613 sponsa
228 3555 288 3595 non
311 3535 481 3594 traduntur.
