2422 3976
463 150 488 199 3.
507 142 670 199 MINIOIUS
1002 146 1067 211 279

81 295 213 392 (P.851).
239 342 278 352 -
298 303 344 370 Et
366 306 421 390 qui
444 306 523 371 duas
547 328 639 372 areas
661 307 769 392 habet,
793 308 930 374 alteram
953 311 1069 375 manet

75 391 177 470 mndol
199 416 325 460 servam
349 395 444 460 alteri
467 394 594 461 efficere
615 399 733 479 potest.

481 553 532 620 De
553 575 644 637 aquo

147 661 211 726 16?
234 660 272 726 D.
284 662 313 742 8,
323 662 353 742 3,
363 661 414 726 31.
450 659 594 725 Iulianus
615 661 699 725 libro
719 661 857 726 secundo
877 683 916 726 ex
934 661 1067 730 Minicio

72 745 111 835 (P.
124 745 212 837 852).
235 787 277 795 —
302 748 379 814 Tria
405 749 536 833 praedia
563 749 716 815 continua
738 751 839 814 trium
863 750 1067 816 dominorum

69 842 157 903 erant.
205 838 264 902 imi
296 837 420 920 praedii
457 838 603 902 dominus
641 860 679 903 ex
712 860 837 903 summo
870 839 970 904 fundo
1003 840 1067 905 imo

65 924 154 991 tundo
193 925 383 991 servitutem
419 947 521 1011 aquae
559 928 741 1012 quaesierat
774 930 807 990 et
839 948 896 1012 per
928 927 1068 992 medium

10 1086 12 1101 Ι
64 1013 191 1080 mudum
220 1014 351 1080 domino
379 1014 569 1081 concedente
597 1016 632 1079 in
660 1038 754 1080 suum
782 1036 896 1099 agrum
924 1016 1069 1083 ducebat.

10 1104 12 1111 '
62 1109 170 1188 postea
200 1103 287 1168 idem
321 1126 481 1168 summum
514 1104 649 1169 fundum
681 1106 760 1169 emit
787 1153 795 1169 .
823 1103 936 1168 deinde
968 1106 1069 1170 imum

62 1191 201 1277 fundum,
215 1193 249 1257 in
263 1214 359 1276 quem
374 1214 492 1276 aquam
506 1193 684 1278 induxerat,
697 1192 850 1258 vendidit
886 1193 1070 1278 quaesitum

61 1287 118 1366 eet,
150 1303 230 1346 num
256 1281 340 1345 imus
367 1280 484 1346 fundus
512 1280 545 1345 id
573 1283 623 1346 ins
651 1304 753 1367 aquae
782 1283 957 1366 amisisset,
986 1283 1069 1367 quia,

60 1391 128 1435 oum
165 1372 303 1453 utraque
337 1368 470 1452 praedia
502 1370 645 1435 eiusdem
677 1369 800 1435 domini
831 1370 918 1435 facta
950 1375 1070 1456 essent,

58 1457 126 1543 ipsa
165 1457 229 1522 sibi
266 1457 384 1523 servire
415 1479 481 1523 non
511 1459 702 1542 potuissent.
756 1460 889 1544 negavit
921 1459 1069 1524 amisisse

59 1547 246 1612 servitutem
252 1596 261 1630 ,
287 1547 362 1631 quia
384 1547 564 1630 praedium,
587 1569 645 1631 per
667 1547 753 1631 quod
776 1569 861 1632 aqua
883 1547 1070 1632 ducebatur,

57 1635 192 1702 alterius
206 1635 330 1718 fuisset,
344 1639 377 1700 et
390 1635 658 1720 quemadmodum
673 1636 811 1701 servitus
827 1658 951 1702 summo
960 1636 1070 1718 fundo,

56 1728 91 1789 ut
117 1724 155 1789 in
182 1722 285 1789 imum
306 1722 443 1788 fundum
467 1745 551 1809 aqua
574 1724 711 1808 veniret,
738 1725 861 1809 imponi
885 1726 980 1790 aliter
1003 1748 1068 1792 non

55 1813 229 1898 potuisset,
260 1833 356 1897 quam
383 1816 420 1895 ut
445 1833 503 1896 per
529 1812 670 1877 medinm
697 1835 823 1898 quoque
851 1813 985 1879 fundum
1013 1815 1071 1880 du·

57 1906 191 1983 conetur,
215 1901 261 1965 sic
284 1900 395 2003 eadem
419 1901 557 1966 servitus
577 1901 718 1966 eiusdem
736 1901 828 1967 fundi
847 1903 955 1968 amitti
974 1903 1069 1968 aliter

55 1989 698 2163 {statut&indiuiduis
714 1993 813 2144 2333
825 1990 1068 2164 dudda?

56 2167 179 2234 domini
203 2166 290 2231 facta
313 2170 428 2232 essent

386 2349 432 2408 Ex
454 2348 566 2408 Iuliani
588 2349 665 2409 libro
688 2349 743 2409 ΙΙΙ.

158 2493 169 2533 ι
477 2466 528 2533 De
547 2469 652 2549 furtes.

149 2573 201 2640 17.
224 2572 263 2638 D.
272 2575 326 2656 47,
336 2575 366 2654 2,
376 2574 426 2638 60.
459 2573 548 2638 Idem
563 2572 620 2657 (sc.
634 2572 792 2659 Iulianus)
812 2573 895 2638 libro
915 2573 1011 2637 tertio
1032 2593 1071 2637 ex

57 2663 192 2728 Minicio
212 2658 262 2747 (P.
273 2659 363 2748 860).
382 2698 424 2708 ν-
443 2660 478 2727 Si
499 2663 538 2747 is,
561 2663 616 2748 qui
638 2684 705 2726 rem
730 2661 974 2746 commodasset,
998 2683 1070 2726 eam

56 2774 126 2817 rem
157 2751 242 2814 clam
271 2750 473 2832 abstulisset,
504 2750 584 2814 furti
612 2772 685 2815 cum
713 2771 750 2815 eo
780 2750 835 2835 agi
861 2770 928 2816 non
955 2748 1071 2835 posse²,

55 2841 133 2926 quia
155 2861 251 2904 suum
268 2840 443 2923 recepisset
461 2841 493 2902 et
511 2840 567 2902 ille
585 2839 782 2904 commodati
801 2839 956 2904 liberatus
976 2845 1071 2904 esset.

146 2926 224 2992 ‘Hoc
245 2934 348 2992 tamen
370 2932 414 2991 ita
440 2932 646 3009 accipiendum
669 2936 728 3010 est,
752 2933 778 2991 si
800 2933 898 2992 nullas
922 2933 1070 2993 retinendi

55 3039 165 3082 canses
183 3021 210 3082 is
228 3020 278 3080 oui
296 3021 484 3080 commodata
501 3039 550 3081 res
569 3025 634 3081 orat
652 3019 771 3097 habuit3
790 3040 860 3080 nam
879 3021 904 3081 si
919 3022 1069 3097 impensas

53 3109 241 3170 necessarias
273 3109 305 3168 in
336 3129 400 3168 rom
431 3111 648 3170 commodatam
680 3109 805 3186 fecerat,
836 3111 974 3170 interfuit
1006 3108 1070 3168 eius

10 3214 12 3222 ’
56 3199 158 3273 potins
181 3218 235 3275 per
257 3199 456 3258 retentionem
473 3217 523 3258 eas
543 3216 662 3258 servare
682 3217 771 3275 quam
790 3199 871 3258 ultro
891 3195 1071 3258 commodati

58 3303 162 3365 agero,
185 3287 312 3364 ideoque
335 3287 410 3346 furti
432 3287 579 3346 actionem
601 3279 746 3347 habebit'.

129 3444 144 3492 1
166 3437 242 3494 Trio.
261 3437 406 3494 tradendo.

128 3515 145 3563 2
167 3508 243 3564 Trio.
262 3510 364 3578 potest.
