<?xml version="1.0" encoding="UTF-8"?>
<!DOCTYPE html PUBLIC "-//W3C//DTD XHTML 1.0 Transitional//EN"
    "http://www.w3.org/TR/xhtml1/DTD/xhtml1-transitional.dtd">
<html xmlns="http://www.w3.org/1999/xhtml" xml:lang="en" lang="en">
 <head>
  <title>
</title>
<meta http-equiv="Content-Type" content="text/html;charset=utf-8" />
  <meta name='ocr-system' content='tesseract 3.04.00' />
  <meta name='ocr-capabilities' content='ocr_page ocr_carea ocr_par ocr_line ocrx_word'/>
</head>
<body>
  <div class='ocr_page' id='page_1' title='image "./iurisprudentiae01bremgoog_0118.png"; bbox 0 0 2422 3976; ppageno 0'>
   <div class='ocr_carea' id='block_1_1' title="bbox 435 154 1106 223">
    <p class='ocr_par' dir='ltr' id='par_1_1' title="bbox 435 154 1106 223">
     <span class='ocr_line' id='line_1_1' title="bbox 435 154 1106 223; baseline 0 -13"><span class='ocrx_word' id='word_1_1' title='bbox 435 161 459 212; x_wconf 84' lang='lat' dir='ltr'><strong>e.</strong></span> <span class='ocrx_word' id='word_1_2' title='bbox 484 154 622 210; x_wconf 77' lang='lat' dir='ltr'><strong>snmus</strong></span> <span class='ocrx_word' id='word_1_3' title='bbox 641 155 769 211; x_wconf 82' lang='lat' dir='ltr'><strong>ruerus</strong></span> <span class='ocrx_word' id='word_1_4' title='bbox 1064 159 1106 223; x_wconf 79' lang='lat'><strong>83</strong></span> 
     </span>
    </p>
   </div>
   <div class='ocr_carea' id='block_1_2' title="bbox 85 323 1105 3593">
    <p class='ocr_par' dir='ltr' id='par_1_2' title="bbox 85 323 1104 673">
     <span class='ocr_line' id='line_1_2' title="bbox 87 323 1100 402; baseline 0 -17"><span class='ocrx_word' id='word_1_5' title='bbox 87 325 195 385; x_wconf 82' lang='lat' dir='ltr'><strong>urbani</strong></span> <span class='ocrx_word' id='word_1_6' title='bbox 212 324 382 402; x_wconf 92' lang='lat' dir='ltr'><strong>eomposita</strong></span> <span class='ocrx_word' id='word_1_7' title='bbox 401 342 465 383; x_wconf 90' lang='lat' dir='ltr'><strong>esse</strong></span> <span class='ocrx_word' id='word_1_8' title='bbox 482 324 651 395; x_wconf 88' lang='lat' dir='ltr'><strong>traduntur,</strong></span> <span class='ocrx_word' id='word_1_9' title='bbox 672 323 697 381; x_wconf 93' lang='lat' dir='ltr'><strong>si</strong></span> <span class='ocrx_word' id='word_1_10' title='bbox 715 323 835 399; x_wconf 91' lang='lat' dir='ltr'><strong>quidem</strong></span> <span class='ocrx_word' id='word_1_11' title='bbox 854 325 892 383; x_wconf 88' lang='lat' dir='ltr'><strong>ad</strong></span> <span class='ocrx_word' id='word_1_12' title='bbox 910 325 998 384; x_wconf 90' lang='lat' dir='ltr'><strong>huius</strong></span> <span class='ocrx_word' id='word_1_13' title='bbox 1013 346 1100 401; x_wconf 90' lang='lat' dir='ltr'><strong>prae-</strong></span> 
     </span>
     <span class='ocr_line' id='line_1_3' title="bbox 85 412 1104 488; baseline 0 -13"><span class='ocrx_word' id='word_1_14' title='bbox 85 415 159 475; x_wconf 84' lang='lat' dir='ltr'><strong>toris</strong></span> <span class='ocrx_word' id='word_1_15' title='bbox 188 414 321 474; x_wconf 88' lang='lat' dir='ltr'><strong>edietum</strong></span> <span class='ocrx_word' id='word_1_16' title='bbox 348 412 543 488; x_wconf 77' lang='lat' dir='ltr'><strong>compositum</strong></span> <span class='ocrx_word' id='word_1_17' title='bbox 577 413 635 486; x_wconf 89' lang='lat' dir='ltr'><strong>est,</strong></span> <span class='ocrx_word' id='word_1_18' title='bbox 662 412 707 470; x_wconf 91' lang='lat' dir='ltr'><strong>ita</strong></span> <span class='ocrx_word' id='word_1_19' title='bbox 734 416 769 470; x_wconf 89' lang='lat' dir='ltr'><strong>nt</strong></span> <span class='ocrx_word' id='word_1_20' title='bbox 796 431 862 471; x_wconf 88' lang='lat' dir='ltr'><strong>eum</strong></span> <span class='ocrx_word' id='word_1_21' title='bbox 889 413 942 473; x_wconf 90' lang='lat' dir='ltr'><strong>illo</strong></span> <span class='ocrx_word' id='word_1_22' title='bbox 971 415 1104 475; x_wconf 80' lang='lat' dir='ltr'><strong>conferri</strong></span> 
     </span>
     <span class='ocr_line' id='line_1_4' title="bbox 86 499 1099 581; baseline -0.002 -17"><span class='ocrx_word' id='word_1_23' title='bbox 86 502 191 580; x_wconf 77' lang='lat' dir='ltr'><strong>possit,</strong></span> <span class='ocrx_word' id='word_1_24' title='bbox 219 501 302 578; x_wconf 91' lang='lat' dir='ltr'><strong>quod</strong></span> <span class='ocrx_word' id='word_1_25' title='bbox 325 501 423 570; x_wconf 78' lang='lat' dir='ltr'><strong>Labeo</strong></span> <span class='ocrx_word' id='word_1_26' title='bbox 446 501 484 560; x_wconf 87' lang='lat' dir='ltr'><strong>ad</strong></span> <span class='ocrx_word' id='word_1_27' title='bbox 506 499 658 577; x_wconf 81' lang='lat' dir='ltr'><strong>peregrini</strong></span> <span class='ocrx_word' id='word_1_28' title='bbox 680 501 826 574; x_wconf 88' lang='lat' dir='ltr'><strong>praetoris</strong></span> <span class='ocrx_word' id='word_1_29' title='bbox 849 502 980 562; x_wconf 89' lang='lat' dir='ltr'><strong>edietum</strong></span> <span class='ocrx_word' id='word_1_30' title='bbox 1004 503 1099 581; x_wconf 85' lang='lat' dir='ltr'><strong>serip-</strong></span> 
     </span>
     <span class='ocr_line' id='line_1_5' title="bbox 86 581 1019 673; baseline -0.001 -22"><span class='ocrx_word' id='word_1_31' title='bbox 86 595 157 651; x_wconf 89' lang='lat' dir='ltr'><strong>sisse</strong></span> <span class='ocrx_word' id='word_1_32' title='bbox 182 590 331 666; x_wconf 77' lang='lat' dir='ltr'><strong>traditur,</strong></span> <span class='ocrx_word' id='word_1_33' title='bbox 359 590 444 648; x_wconf 90' lang='lat' dir='ltr'><strong>euius</strong></span> <span class='ocrx_word' id='word_1_34' title='bbox 466 589 543 647; x_wconf 86' lang='lat' dir='ltr'><strong>liber</strong></span> <span class='ocrx_word' id='word_1_35' title='bbox 566 589 648 647; x_wconf 88' lang='lat' dir='ltr'><strong>XXX</strong></span> <span class='ocrx_word' id='word_1_36' title='bbox 670 589 811 648; x_wconf 86' lang='lat' dir='ltr'><strong>laudatur</strong></span> <span class='ocrx_word' id='word_1_37' title='bbox 834 581 880 671; x_wconf 95' lang='lat' dir='ltr'><strong>(II</strong></span> <span class='ocrx_word' id='word_1_38' title='bbox 902 611 931 667; x_wconf 90' lang='lat' dir='ltr'><strong>p.</strong></span> <span class='ocrx_word' id='word_1_39' title='bbox 953 583 1019 673; x_wconf 88' lang='lat'>93).</span> 
     </span>
    </p>

    <p class='ocr_par' dir='ltr' id='par_1_3' title="bbox 87 676 1104 1462">
     <span class='ocr_line' id='line_1_6' title="bbox 174 676 1101 753; baseline 0.002 -15"><span class='ocrx_word' id='word_1_40' title='bbox 174 679 277 738; x_wconf 85' lang='lat' dir='ltr'>Libris</span> <span class='ocrx_word' id='word_1_41' title='bbox 301 679 339 736; x_wconf 89' lang='lat' dir='ltr'><strong>ad</strong></span> <span class='ocrx_word' id='word_1_42' title='bbox 361 676 492 737; x_wconf 90' lang='lat' dir='ltr'><strong>edietum</strong></span> <span class='ocrx_word' id='word_1_43' title='bbox 519 677 665 753; x_wconf 89' lang='lat' dir='ltr'><strong>praetoris</strong></span> <span class='ocrx_word' id='word_1_44' title='bbox 690 680 779 736; x_wconf 84' lang='lat' dir='ltr'><strong>antea</strong></span> <span class='ocrx_word' id='word_1_45' title='bbox 806 678 843 736; x_wconf 94' lang='lat' dir='ltr'><strong>ab</strong></span> <span class='ocrx_word' id='word_1_46' title='bbox 868 679 935 739; x_wconf 86' lang='lat' dir='ltr'><strong>aliis</strong></span> <span class='ocrx_word' id='word_1_47' title='bbox 958 681 1101 740; x_wconf 85' lang='lat' dir='ltr'><strong>eonfeetis</strong></span> 
     </span>
     <span class='ocr_line' id='line_1_7' title="bbox 87 764 1103 846; baseline 0 -18"><span class='ocrx_word' id='word_1_48' title='bbox 87 769 212 828; x_wconf 85' lang='lat' dir='ltr'>Pedium</span> <span class='ocrx_word' id='word_1_49' title='bbox 245 786 335 826; x_wconf 91' lang='lat' dir='ltr'><strong>usum</strong></span> <span class='ocrx_word' id='word_1_50' title='bbox 366 785 429 826; x_wconf 91' lang='lat' dir='ltr'><strong>esse</strong></span> <span class='ocrx_word' id='word_1_51' title='bbox 462 766 569 825; x_wconf 81' lang='lat' dir='ltr'><strong>docent</strong></span> <span class='ocrx_word' id='word_1_52' title='bbox 596 784 631 824; x_wconf 93' lang='lat' dir='ltr'><strong>ea</strong></span> <span class='ocrx_word' id='word_1_53' title='bbox 658 784 734 841; x_wconf 91' lang='lat' dir='ltr'><strong>quae</strong></span> <span class='ocrx_word' id='word_1_54' title='bbox 762 766 798 824; x_wconf 93' lang='lat' dir='ltr'><strong>de</strong></span> <span class='ocrx_word' id='word_1_55' title='bbox 827 764 924 843; x_wconf 90' lang='lat' dir='ltr'><strong>Ofilio,</strong></span> <span class='ocrx_word' id='word_1_56' title='bbox 955 767 1103 846; x_wconf 79' lang='lat' dir='ltr'>Labeone,</span> 
     </span>
     <span class='ocr_line' id='line_1_8' title="bbox 88 854 1101 933; baseline 0.002 -18"><span class='ocrx_word' id='word_1_57' title='bbox 88 857 198 917; x_wconf 84' lang='lat' dir='ltr'><strong>Sabino</strong></span> <span class='ocrx_word' id='word_1_58' title='bbox 222 875 292 914; x_wconf 89' lang='lat' dir='ltr'><strong>eum</strong></span> <span class='ocrx_word' id='word_1_59' title='bbox 315 854 423 914; x_wconf 83' lang='lat' dir='ltr'>dixisse</span> <span class='ocrx_word' id='word_1_60' title='bbox 446 855 589 933; x_wconf 80' lang='lat' dir='ltr'><strong>traditur,</strong></span> <span class='ocrx_word' id='word_1_61' title='bbox 617 873 692 930; x_wconf 92' lang='lat' dir='ltr'><strong>quos</strong></span> <span class='ocrx_word' id='word_1_62' title='bbox 714 855 943 915; x_wconf 79' lang='lat' dir='ltr'><strong>iurisconsultos</strong></span> <span class='ocrx_word' id='word_1_63' title='bbox 965 861 996 915; x_wconf 91' lang='lat' dir='ltr'><strong>et</strong></span> <span class='ocrx_word' id='word_1_64' title='bbox 1018 857 1101 932; x_wconf 90' lang='lat' dir='ltr'><strong>ipsos</strong></span> 
     </span>
     <span class='ocr_line' id='line_1_9' title="bbox 90 937 1101 1025; baseline 0.001 -21"><span class='ocrx_word' id='word_1_65' title='bbox 90 947 126 1004; x_wconf 87' lang='lat' dir='ltr'><strong>ad</strong></span> <span class='ocrx_word' id='word_1_66' title='bbox 153 945 291 1004; x_wconf 87' lang='lat' dir='ltr'><strong>edietum</strong></span> <span class='ocrx_word' id='word_1_67' title='bbox 313 943 459 1020; x_wconf 87' lang='lat' dir='ltr'><strong>praetoris</strong></span> <span class='ocrx_word' id='word_1_68' title='bbox 482 943 576 1004; x_wconf 88' lang='lat' dir='ltr'><strong>libros</strong></span> <span class='ocrx_word' id='word_1_69' title='bbox 599 943 799 1019; x_wconf 82' lang='lat' dir='ltr'><strong>composuisse</strong></span> <span class='ocrx_word' id='word_1_70' title='bbox 827 946 946 1002; x_wconf 84' lang='lat' dir='ltr'><strong>eonstat</strong></span> <span class='ocrx_word' id='word_1_71' title='bbox 968 937 1006 1025; x_wconf 86' lang='grc' dir='ltr'><strong>(Ι,</strong></span> <span class='ocrx_word' id='word_1_72' title='bbox 1029 947 1101 1005; x_wconf 89' lang='grc'><strong>340.</strong></span> 
     </span>
     <span class='ocr_line' id='line_1_10' title="bbox 88 1024 1102 1112; baseline 0 -19"><span class='ocrx_word' id='word_1_73' title='bbox 88 1035 125 1112; x_wconf 84' lang='lat' dir='ltr'><strong>II,</strong></span> <span class='ocrx_word' id='word_1_74' title='bbox 146 1037 162 1093; x_wconf 92' lang='lat'>1</span> <span class='ocrx_word' id='word_1_75' title='bbox 185 1055 215 1110; x_wconf 89' lang='lat' dir='ltr'><strong>p.</strong></span> <span class='ocrx_word' id='word_1_76' title='bbox 236 1034 277 1093; x_wconf 87' lang='grc'><strong>83</strong></span> <span class='ocrx_word' id='word_1_77' title='bbox 303 1035 334 1091; x_wconf 92' lang='lat' dir='ltr'><strong>et</strong></span> <span class='ocrx_word' id='word_1_78' title='bbox 356 1024 445 1111; x_wconf 87' lang='grc'>566).</span> <span class='ocrx_word' id='word_1_79' title='bbox 489 1032 563 1091; x_wconf 90' lang='lat' dir='ltr'><strong>haee</strong></span> <span class='ocrx_word' id='word_1_80' title='bbox 591 1032 670 1091; x_wconf 91' lang='lat' dir='ltr'><strong>enim</strong></span> <span class='ocrx_word' id='word_1_81' title='bbox 696 1032 852 1110; x_wconf 84' lang='lat' dir='ltr'><strong>leguntur:</strong></span> <span class='ocrx_word' id='word_1_82' title='bbox 876 1032 1102 1110; x_wconf 87' lang='grc' dir='ltr'><strong>Ι).14,1,1,9</strong></span> 
     </span>
     <span class='ocr_line' id='line_1_11' title="bbox 88 1116 1104 1200; baseline -0.004 -17"><span class='ocrx_word' id='word_1_83' title='bbox 88 1123 153 1200; x_wconf 89' lang='lat' dir='ltr'><strong>Ulp.</strong></span> <span class='ocrx_word' id='word_1_84' title='bbox 175 1122 215 1181; x_wconf 87' lang='lat' dir='ltr'><strong>ad</strong></span> <span class='ocrx_word' id='word_1_85' title='bbox 234 1122 281 1181; x_wconf 92' lang='lat' dir='ltr'><strong>ed.</strong></span> <span class='ocrx_word' id='word_1_86' title='bbox 303 1116 432 1196; x_wconf 79' lang='lat' dir='ltr'><strong>‘quaerit</strong></span> <span class='ocrx_word' id='word_1_87' title='bbox 450 1119 556 1181; x_wconf 90' lang='lat' dir='ltr'><strong>Ofilius</strong></span> <span class='ocrx_word' id='word_1_88' title='bbox 575 1165 625 1181; x_wconf 89' lang='lat'><strong>...</strong></span> <span class='ocrx_word' id='word_1_89' title='bbox 645 1139 736 1197; x_wconf 86' lang='lat' dir='ltr'><strong>quam</strong></span> <span class='ocrx_word' id='word_1_90' title='bbox 754 1119 975 1179; x_wconf 76' lang='lat' dir='ltr'><strong>distinctionem</strong></span> <span class='ocrx_word' id='word_1_91' title='bbox 995 1121 1104 1180; x_wconf 90' lang='lat' dir='ltr'><strong>Pedius</strong></span> 
     </span>
     <span class='ocr_line' id='line_1_12' title="bbox 88 1204 1103 1288; baseline -0.004 -17"><span class='ocrx_word' id='word_1_92' title='bbox 88 1204 219 1288; x_wconf 90' lang='lat' dir='ltr'><strong>probat’.</strong></span> <span class='ocrx_word' id='word_1_93' title='bbox 270 1209 306 1268; x_wconf 89' lang='lat' dir='ltr'><strong>D.</strong></span> <span class='ocrx_word' id='word_1_94' title='bbox 327 1211 377 1287; x_wconf 84' lang='lat'><strong>13,</strong></span> <span class='ocrx_word' id='word_1_95' title='bbox 397 1211 426 1287; x_wconf 84' lang='lat'><strong>5,</strong></span> <span class='ocrx_word' id='word_1_96' title='bbox 446 1210 474 1283; x_wconf 89' lang='grc'><strong>3,</strong></span> <span class='ocrx_word' id='word_1_97' title='bbox 495 1211 513 1268; x_wconf 96' lang='grc'><strong>2</strong></span> <span class='ocrx_word' id='word_1_98' title='bbox 538 1209 606 1284; x_wconf 89' lang='lat' dir='ltr'><strong>Ulp.</strong></span> <span class='ocrx_word' id='word_1_99' title='bbox 636 1210 674 1268; x_wconf 90' lang='lat' dir='ltr'><strong>ad</strong></span> <span class='ocrx_word' id='word_1_100' title='bbox 702 1209 745 1268; x_wconf 90' lang='lat' dir='ltr'><strong>ed.</strong></span> <span class='ocrx_word' id='word_1_101' title='bbox 780 1204 823 1268; x_wconf 78' lang='lat' dir='ltr'><strong>‘et</strong></span> <span class='ocrx_word' id='word_1_102' title='bbox 846 1209 946 1268; x_wconf 89' lang='lat' dir='ltr'><strong>Labeo</strong></span> <span class='ocrx_word' id='word_1_103' title='bbox 975 1209 1103 1283; x_wconf 89' lang='lat' dir='ltr'><strong>ait...,</strong></span> 
     </span>
     <span class='ocr_line' id='line_1_13' title="bbox 88 1291 1102 1376; baseline -0.002 -17"><span class='ocrx_word' id='word_1_104' title='bbox 88 1320 178 1376; x_wconf 87' lang='lat' dir='ltr'><strong>quam</strong></span> <span class='ocrx_word' id='word_1_105' title='bbox 198 1299 381 1358; x_wconf 87' lang='lat' dir='ltr'><strong>sententiam</strong></span> <span class='ocrx_word' id='word_1_106' title='bbox 401 1303 432 1357; x_wconf 88' lang='lat' dir='ltr'><strong>et</strong></span> <span class='ocrx_word' id='word_1_107' title='bbox 449 1297 560 1357; x_wconf 92' lang='lat' dir='ltr'><strong>Pedius</strong></span> <span class='ocrx_word' id='word_1_108' title='bbox 578 1291 707 1373; x_wconf 86' lang='lat' dir='ltr'><strong>probat&#39;.</strong></span> <span class='ocrx_word' id='word_1_109' title='bbox 744 1297 779 1357; x_wconf 92' lang='lat' dir='ltr'><strong>D.</strong></span> <span class='ocrx_word' id='word_1_110' title='bbox 795 1300 847 1371; x_wconf 90' lang='grc'><strong>50,</strong></span> <span class='ocrx_word' id='word_1_111' title='bbox 864 1301 914 1375; x_wconf 92' lang='grc'><strong>16,</strong></span> <span class='ocrx_word' id='word_1_112' title='bbox 930 1299 1013 1374; x_wconf 89' lang='grc'><strong>13,1</strong></span> <span class='ocrx_word' id='word_1_113' title='bbox 1034 1297 1102 1374; x_wconf 91' lang='lat' dir='ltr'><strong>Ulp.</strong></span> 
     </span>
     <span class='ocr_line' id='line_1_14' title="bbox 89 1380 836 1462; baseline 0 -15"><span class='ocrx_word' id='word_1_114' title='bbox 89 1390 124 1447; x_wconf 87' lang='lat' dir='ltr'><strong>ad</strong></span> <span class='ocrx_word' id='word_1_115' title='bbox 148 1389 209 1449; x_wconf 83' lang='lat' dir='ltr'><strong>ed:</strong></span> <span class='ocrx_word' id='word_1_116' title='bbox 235 1380 284 1446; x_wconf 88' lang='lat' dir='ltr'><strong>‘ut</strong></span> <span class='ocrx_word' id='word_1_117' title='bbox 302 1385 431 1445; x_wconf 82' lang='lat' dir='ltr'><strong>Sabinus</strong></span> <span class='ocrx_word' id='word_1_118' title='bbox 455 1387 498 1445; x_wconf 90' lang='lat' dir='ltr'><strong>ait</strong></span> <span class='ocrx_word' id='word_1_119' title='bbox 521 1391 552 1446; x_wconf 89' lang='lat' dir='ltr'><strong>et</strong></span> <span class='ocrx_word' id='word_1_120' title='bbox 574 1386 684 1445; x_wconf 92' lang='lat' dir='ltr'><strong>Pedius</strong></span> <span class='ocrx_word' id='word_1_121' title='bbox 707 1380 836 1462; x_wconf 85' lang='lat' dir='ltr'><strong>probat&#39;.</strong></span> 
     </span>
    </p>

    <p class='ocr_par' dir='ltr' id='par_1_4' title="bbox 91 1474 1105 2157">
     <span class='ocr_line' id='line_1_15' title="bbox 179 1474 1104 1553; baseline 0.001 -20"><span class='ocrx_word' id='word_1_122' title='bbox 179 1475 326 1553; x_wconf 85' lang='lat' dir='ltr'><strong>Krueger,</strong></span> <span class='ocrx_word' id='word_1_123' title='bbox 345 1475 397 1551; x_wconf 93' lang='lat' dir='ltr'><strong>qui</strong></span> <span class='ocrx_word' id='word_1_124' title='bbox 410 1474 535 1533; x_wconf 88' lang='lat' dir='ltr'><strong>Pedium</strong></span> <span class='ocrx_word' id='word_1_125' title='bbox 550 1474 661 1533; x_wconf 89' lang='lat' dir='ltr'><strong>Iuliani</strong></span> <span class='ocrx_word' id='word_1_126' title='bbox 678 1475 741 1533; x_wconf 90' lang='lat' dir='ltr'><strong>fere</strong></span> <span class='ocrx_word' id='word_1_127' title='bbox 760 1475 915 1550; x_wconf 89' lang='lat' dir='ltr'><strong>aequalem</strong></span> <span class='ocrx_word' id='word_1_128' title='bbox 933 1476 1025 1534; x_wconf 88' lang='lat' dir='ltr'><strong>fuisse</strong></span> <span class='ocrx_word' id='word_1_129' title='bbox 1044 1474 1104 1534; x_wconf 84' lang='lat' dir='ltr'><strong>exi·</strong></span> 
     </span>
     <span class='ocr_line' id='line_1_16' title="bbox 91 1559 1105 1641; baseline -0.003 -15"><span class='ocrx_word' id='word_1_130' title='bbox 91 1567 203 1641; x_wconf 84' lang='lat' dir='ltr'><strong>stimat,</strong></span> <span class='ocrx_word' id='word_1_131' title='bbox 226 1565 321 1623; x_wconf 89' lang='lat' dir='ltr'><strong>libros</strong></span> <span class='ocrx_word' id='word_1_132' title='bbox 342 1565 397 1622; x_wconf 91' lang='lat' dir='ltr'><strong>hos</strong></span> <span class='ocrx_word' id='word_1_133' title='bbox 416 1567 485 1638; x_wconf 89' lang='lat' dir='ltr'><strong>post</strong></span> <span class='ocrx_word' id='word_1_134' title='bbox 501 1559 612 1622; x_wconf 91' lang='lat' dir='ltr'><strong>Iuliani</strong></span> <span class='ocrx_word' id='word_1_135' title='bbox 633 1563 766 1640; x_wconf 86' lang='lat' dir='ltr'><strong>Digesta,</strong></span> <span class='ocrx_word' id='word_1_136' title='bbox 790 1564 840 1622; x_wconf 91' lang='lat' dir='ltr'><strong>sed</strong></span> <span class='ocrx_word' id='word_1_137' title='bbox 860 1567 929 1622; x_wconf 89' lang='lat' dir='ltr'><strong>ante</strong></span> <span class='ocrx_word' id='word_1_138' title='bbox 947 1563 1105 1641; x_wconf 91' lang='lat' dir='ltr'><strong>Pomponii</strong></span> 
     </span>
     <span class='ocr_line' id='line_1_17' title="bbox 91 1651 1102 1728; baseline -0.001 -14"><span class='ocrx_word' id='word_1_139' title='bbox 91 1655 183 1714; x_wconf 89' lang='lat' dir='ltr'><strong>libros</strong></span> <span class='ocrx_word' id='word_1_140' title='bbox 203 1653 241 1712; x_wconf 91' lang='lat' dir='ltr'><strong>ad</strong></span> <span class='ocrx_word' id='word_1_141' title='bbox 259 1651 387 1712; x_wconf 86' lang='lat' dir='ltr'><strong>edietum</strong></span> <span class='ocrx_word' id='word_1_142' title='bbox 407 1652 587 1728; x_wconf 85' lang='lat' dir='ltr'><strong>compositos</strong></span> <span class='ocrx_word' id='word_1_143' title='bbox 607 1670 671 1710; x_wconf 85' lang='lat' dir='ltr'><strong>esse</strong></span> <span class='ocrx_word' id='word_1_144' title='bbox 691 1651 827 1728; x_wconf 86' lang='lat' dir='ltr'><strong>quamvis</strong></span> <span class='ocrx_word' id='word_1_145' title='bbox 846 1651 1018 1711; x_wconf 80' lang='lat' dir='ltr'><strong>dubitanter</strong></span> <span class='ocrx_word' id='word_1_146' title='bbox 1036 1652 1102 1713; x_wconf 88' lang='lat' dir='ltr'><strong>ideo</strong></span> 
     </span>
     <span class='ocr_line' id='line_1_18' title="bbox 92 1733 1102 1823; baseline 0 -21"><span class='ocrx_word' id='word_1_147' title='bbox 92 1743 200 1802; x_wconf 87' lang='lat' dir='ltr'><strong>eonieit</strong></span> <span class='ocrx_word' id='word_1_148' title='bbox 219 1733 262 1823; x_wconf 93' lang='lat' dir='ltr'><strong>(p.</strong></span> <span class='ocrx_word' id='word_1_149' title='bbox 280 1733 367 1822; x_wconf 93' lang='grc'><strong>173),</strong></span> <span class='ocrx_word' id='word_1_150' title='bbox 391 1740 470 1817; x_wconf 90' lang='lat' dir='ltr'><strong>quod</strong></span> <span class='ocrx_word' id='word_1_151' title='bbox 487 1741 561 1799; x_wconf 89' lang='lat' dir='ltr'><strong>haee</strong></span> <span class='ocrx_word' id='word_1_152' title='bbox 574 1741 728 1818; x_wconf 81' lang='lat' dir='ltr'><strong>leguntur:</strong></span> <span class='ocrx_word' id='word_1_153' title='bbox 752 1740 787 1799; x_wconf 90' lang='lat' dir='ltr'><strong>D.</strong></span> <span class='ocrx_word' id='word_1_154' title='bbox 803 1742 832 1812; x_wconf 87' lang='lat'><strong>4,</strong></span> <span class='ocrx_word' id='word_1_155' title='bbox 848 1742 876 1816; x_wconf 88' lang='grc'><strong>8,</strong></span> <span class='ocrx_word' id='word_1_156' title='bbox 891 1743 942 1816; x_wconf 95' lang='grc'><strong>32,</strong></span> <span class='ocrx_word' id='word_1_157' title='bbox 958 1744 997 1801; x_wconf 89' lang='grc'><strong>16</strong></span> <span class='ocrx_word' id='word_1_158' title='bbox 1017 1742 1102 1803; x_wconf 90' lang='lat' dir='ltr'><strong>Paul.</strong></span> 
     </span>
     <span class='ocr_line' id='line_1_19' title="bbox 91 1823 1103 1906; baseline -0.001 -15"><span class='ocrx_word' id='word_1_159' title='bbox 91 1834 129 1891; x_wconf 89' lang='lat' dir='ltr'><strong>ad</strong></span> <span class='ocrx_word' id='word_1_160' title='bbox 149 1831 196 1892; x_wconf 89' lang='lat' dir='ltr'><strong>ed.</strong></span> <span class='ocrx_word' id='word_1_161' title='bbox 216 1825 299 1889; x_wconf 73' lang='lat' dir='ltr'><strong>‘nam</strong></span> <span class='ocrx_word' id='word_1_162' title='bbox 318 1834 348 1888; x_wconf 90' lang='lat' dir='ltr'><strong>et</strong></span> <span class='ocrx_word' id='word_1_163' title='bbox 365 1828 501 1888; x_wconf 89' lang='lat' dir='ltr'><strong>Iulianus</strong></span> <span class='ocrx_word' id='word_1_164' title='bbox 520 1872 571 1889; x_wconf 90' lang='lat'><strong>...</strong></span> <span class='ocrx_word' id='word_1_165' title='bbox 590 1829 669 1888; x_wconf 91' lang='lat' dir='ltr'><strong>idem</strong></span> <span class='ocrx_word' id='word_1_166' title='bbox 682 1828 792 1888; x_wconf 87' lang='lat' dir='ltr'><strong>Pedius</strong></span> <span class='ocrx_word' id='word_1_167' title='bbox 808 1823 936 1904; x_wconf 89' lang='lat' dir='ltr'><strong>probat&#39;.</strong></span> <span class='ocrx_word' id='word_1_168' title='bbox 974 1833 1006 1888; x_wconf 86' lang='lat' dir='ltr'><strong>at</strong></span> <span class='ocrx_word' id='word_1_169' title='bbox 1024 1831 1103 1906; x_wconf 91' lang='lat' dir='ltr'><strong>prio·</strong></span> 
     </span>
     <span class='ocr_line' id='line_1_20' title="bbox 91 1917 1100 1998; baseline -0.001 -20"><span class='ocrx_word' id='word_1_170' title='bbox 91 1940 157 1978; x_wconf 88' lang='lat' dir='ltr'><strong>rum</strong></span> <span class='ocrx_word' id='word_1_171' title='bbox 186 1919 261 1977; x_wconf 88' lang='lat' dir='ltr'><strong>iuris</strong></span> <span class='ocrx_word' id='word_1_172' title='bbox 292 1918 496 1978; x_wconf 81' lang='lat' dir='ltr'><strong>consultorum</strong></span> <span class='ocrx_word' id='word_1_173' title='bbox 512 1917 688 1998; x_wconf 21' lang='lat' dir='ltr'><strong>,sententias</strong></span> <span class='ocrx_word' id='word_1_174' title='bbox 720 1936 780 1977; x_wconf 92' lang='lat' dir='ltr'><strong>non</strong></span> <span class='ocrx_word' id='word_1_175' title='bbox 809 1917 919 1993; x_wconf 91' lang='lat' dir='ltr'><strong>ubique</strong></span> <span class='ocrx_word' id='word_1_176' title='bbox 950 1918 1100 1991; x_wconf 81' lang='lat' dir='ltr'><strong>historico,</strong></span> 
     </span>
     <span class='ocr_line' id='line_1_21' title="bbox 92 2006 1103 2081; baseline -0.001 -15"><span class='ocrx_word' id='word_1_177' title='bbox 92 2013 124 2068; x_wconf 89' lang='lat' dir='ltr'><strong>nt</strong></span> <span class='ocrx_word' id='word_1_178' title='bbox 152 2009 199 2068; x_wconf 90' lang='lat' dir='ltr'><strong>ita</strong></span> <span class='ocrx_word' id='word_1_179' title='bbox 227 2009 337 2081; x_wconf 81' lang='lat' dir='ltr'><strong>dicam,</strong></span> <span class='ocrx_word' id='word_1_180' title='bbox 369 2006 512 2064; x_wconf 90' lang='lat' dir='ltr'><strong>librorum</strong></span> <span class='ocrx_word' id='word_1_181' title='bbox 543 2007 645 2065; x_wconf 87' lang='lat' dir='ltr'><strong>ordine</strong></span> <span class='ocrx_word' id='word_1_182' title='bbox 674 2006 845 2066; x_wconf 87' lang='lat' dir='ltr'><strong>eoniunetas</strong></span> <span class='ocrx_word' id='word_1_183' title='bbox 874 2007 1002 2081; x_wconf 87' lang='lat' dir='ltr'><strong>proferri</strong></span> <span class='ocrx_word' id='word_1_184' title='bbox 1030 2008 1103 2066; x_wconf 84' lang='lat' dir='ltr'><strong>satis</strong></span> 
     </span>
     <span class='ocr_line' id='line_1_22' title="bbox 91 2099 219 2157; baseline 0.008 -1"><span class='ocrx_word' id='word_1_185' title='bbox 91 2099 219 2157; x_wconf 86' lang='lat' dir='ltr'><strong>constat.</strong></span> 
     </span>
    </p>

    <p class='ocr_par' dir='ltr' id='par_1_5' title="bbox 89 2183 1104 2866">
     <span class='ocr_line' id='line_1_23' title="bbox 178 2183 1104 2244; baseline -0.001 0"><span class='ocrx_word' id='word_1_186' title='bbox 178 2186 223 2244; x_wconf 90' lang='lat' dir='ltr'><strong>De</strong></span> <span class='ocrx_word' id='word_1_187' title='bbox 252 2203 351 2242; x_wconf 88' lang='lat' dir='ltr'><strong>rerum</strong></span> <span class='ocrx_word' id='word_1_188' title='bbox 382 2183 483 2242; x_wconf 89' lang='lat' dir='ltr'><strong>ordine</strong></span> <span class='ocrx_word' id='word_1_189' title='bbox 515 2183 588 2241; x_wconf 90' lang='lat' dir='ltr'><strong>haee</strong></span> <span class='ocrx_word' id='word_1_190' title='bbox 615 2184 771 2242; x_wconf 88' lang='lat' dir='ltr'><strong>habemus:</strong></span> <span class='ocrx_word' id='word_1_191' title='bbox 803 2183 879 2242; x_wconf 91' lang='lat' dir='ltr'><strong>libro</strong></span> <span class='ocrx_word' id='word_1_192' title='bbox 903 2183 962 2241; x_wconf 88' lang='lat' dir='ltr'><strong>VII</strong></span> <span class='ocrx_word' id='word_1_193' title='bbox 990 2184 1104 2243; x_wconf 86' lang='lat' dir='ltr'><strong>dietum</strong></span> 
     </span>
     <span class='ocr_line' id='line_1_24' title="bbox 90 2271 1103 2350; baseline -0.001 -17"><span class='ocrx_word' id='word_1_194' title='bbox 90 2275 148 2334; x_wconf 89' lang='lat' dir='ltr'><strong>fnit</strong></span> <span class='ocrx_word' id='word_1_195' title='bbox 177 2274 213 2331; x_wconf 88' lang='lat' dir='ltr'><strong>de</strong></span> <span class='ocrx_word' id='word_1_196' title='bbox 242 2272 372 2350; x_wconf 84' lang='lat' dir='ltr'><strong>negotiis</strong></span> <span class='ocrx_word' id='word_1_197' title='bbox 398 2272 505 2348; x_wconf 86' lang='lat' dir='ltr'><strong>gestis,</strong></span> <span class='ocrx_word' id='word_1_198' title='bbox 537 2271 613 2329; x_wconf 88' lang='lat' dir='ltr'><strong>VIII</strong></span> <span class='ocrx_word' id='word_1_199' title='bbox 645 2273 681 2330; x_wconf 91' lang='lat' dir='ltr'><strong>de</strong></span> <span class='ocrx_word' id='word_1_200' title='bbox 714 2290 748 2330; x_wconf 92' lang='lat' dir='ltr'><strong>eo</strong></span> <span class='ocrx_word' id='word_1_201' title='bbox 780 2271 860 2346; x_wconf 91' lang='lat' dir='ltr'><strong>qnod</strong></span> <span class='ocrx_word' id='word_1_202' title='bbox 886 2277 984 2331; x_wconf 86' lang='lat' dir='ltr'><strong>metus</strong></span> <span class='ocrx_word' id='word_1_203' title='bbox 1013 2291 1103 2332; x_wconf 87' lang='lat' dir='ltr'><strong>eausa</strong></span> 
     </span>
     <span class='ocr_line' id='line_1_25' title="bbox 89 2359 1103 2440; baseline -0.003 -18"><span class='ocrx_word' id='word_1_204' title='bbox 89 2368 210 2440; x_wconf 86' lang='lat' dir='ltr'><strong>gestum</strong></span> <span class='ocrx_word' id='word_1_205' title='bbox 239 2362 310 2437; x_wconf 89' lang='lat' dir='ltr'><strong>erit,</strong></span> <span class='ocrx_word' id='word_1_206' title='bbox 337 2360 380 2418; x_wconf 94' lang='lat' dir='ltr'><strong>IX</strong></span> <span class='ocrx_word' id='word_1_207' title='bbox 407 2361 444 2419; x_wconf 91' lang='lat' dir='ltr'><strong>de</strong></span> <span class='ocrx_word' id='word_1_208' title='bbox 473 2360 650 2419; x_wconf 83' lang='lat' dir='ltr'><strong>alienatione</strong></span> <span class='ocrx_word' id='word_1_209' title='bbox 674 2359 778 2418; x_wconf 90' lang='lat' dir='ltr'><strong>iudieii</strong></span> <span class='ocrx_word' id='word_1_210' title='bbox 800 2360 936 2419; x_wconf 87' lang='lat' dir='ltr'><strong>mutandi</strong></span> <span class='ocrx_word' id='word_1_211' title='bbox 959 2379 1049 2419; x_wconf 86' lang='lat' dir='ltr'><strong>eausa</strong></span> <span class='ocrx_word' id='word_1_212' title='bbox 1072 2364 1103 2419; x_wconf 87' lang='lat' dir='ltr'><strong>et</strong></span> 
     </span>
     <span class='ocr_line' id='line_1_26' title="bbox 89 2447 1101 2526; baseline -0.003 -16"><span class='ocrx_word' id='word_1_213' title='bbox 89 2451 125 2510; x_wconf 90' lang='lat' dir='ltr'><strong>de</strong></span> <span class='ocrx_word' id='word_1_214' title='bbox 148 2452 198 2510; x_wconf 91' lang='lat' dir='ltr'><strong>his</strong></span> <span class='ocrx_word' id='word_1_215' title='bbox 221 2451 273 2526; x_wconf 93' lang='lat' dir='ltr'><strong>qui</strong></span> <span class='ocrx_word' id='word_1_216' title='bbox 296 2448 455 2508; x_wconf 87' lang='lat' dir='ltr'><strong>arbitrium</strong></span> <span class='ocrx_word' id='word_1_217' title='bbox 477 2448 654 2526; x_wconf 90' lang='lat' dir='ltr'><strong>reeeperint,</strong></span> <span class='ocrx_word' id='word_1_218' title='bbox 677 2447 732 2506; x_wconf 89' lang='lat' dir='ltr'><strong>XV</strong></span> <span class='ocrx_word' id='word_1_219' title='bbox 751 2449 787 2506; x_wconf 94' lang='lat' dir='ltr'><strong>de</strong></span> <span class='ocrx_word' id='word_1_220' title='bbox 805 2448 968 2508; x_wconf 89' lang='lat' dir='ltr'><strong>tributoria</strong></span> <span class='ocrx_word' id='word_1_221' title='bbox 986 2448 1101 2507; x_wconf 85' lang='lat' dir='ltr'><strong>actione</strong></span> 
     </span>
     <span class='ocr_line' id='line_1_27' title="bbox 90 2536 1101 2615; baseline -0.003 -17"><span class='ocrx_word' id='word_1_222' title='bbox 90 2541 179 2598; x_wconf 85' lang='lat' dir='ltr'><strong>etde</strong></span> <span class='ocrx_word' id='word_1_223' title='bbox 202 2539 332 2615; x_wconf 80' lang='lat' dir='ltr'><strong>peculio,</strong></span> <span class='ocrx_word' id='word_1_224' title='bbox 361 2537 487 2614; x_wconf 87' lang='lat' dir='ltr'><strong>denique</strong></span> <span class='ocrx_word' id='word_1_225' title='bbox 510 2536 602 2612; x_wconf 89' lang='lat' dir='ltr'><strong>XXV,</strong></span> <span class='ocrx_word' id='word_1_226' title='bbox 631 2537 656 2595; x_wconf 88' lang='lat' dir='ltr'><strong>si</strong></span> <span class='ocrx_word' id='word_1_227' title='bbox 679 2537 799 2595; x_wconf 87' lang='lat' dir='ltr'><strong>tabulae</strong></span> <span class='ocrx_word' id='word_1_228' title='bbox 823 2537 995 2596; x_wconf 91' lang='lat' dir='ltr'><strong>testamenti</strong></span> <span class='ocrx_word' id='word_1_229' title='bbox 1019 2540 1101 2595; x_wconf 87' lang='lat' dir='ltr'><strong>exta·</strong></span> 
     </span>
     <span class='ocr_line' id='line_1_28' title="bbox 90 2625 1101 2704; baseline -0.003 -17"><span class='ocrx_word' id='word_1_230' title='bbox 90 2629 177 2704; x_wconf 88' lang='lat' dir='ltr'><strong>bunt,</strong></span> <span class='ocrx_word' id='word_1_231' title='bbox 209 2646 286 2703; x_wconf 89' lang='lat' dir='ltr'><strong>qnae</strong></span> <span class='ocrx_word' id='word_1_232' title='bbox 318 2626 438 2702; x_wconf 90' lang='lat' dir='ltr'><strong>quidem</strong></span> <span class='ocrx_word' id='word_1_233' title='bbox 470 2643 517 2684; x_wconf 90' lang='lat' dir='ltr'><strong>res</strong></span> <span class='ocrx_word' id='word_1_234' title='bbox 550 2625 581 2683; x_wconf 94' lang='lat' dir='ltr'><strong>in</strong></span> <span class='ocrx_word' id='word_1_235' title='bbox 613 2625 709 2684; x_wconf 86' lang='lat' dir='ltr'><strong>edieto</strong></span> <span class='ocrx_word' id='word_1_236' title='bbox 741 2645 760 2684; x_wconf 87' lang='lat' dir='ltr'><strong>a</strong></span> <span class='ocrx_word' id='word_1_237' title='bbox 790 2625 907 2683; x_wconf 90' lang='lat' dir='ltr'><strong>Iuliano</strong></span> <span class='ocrx_word' id='word_1_238' title='bbox 939 2625 1101 2699; x_wconf 81' lang='lat' dir='ltr'><strong>composito</strong></span> 
     </span>
     <span class='ocr_line' id='line_1_29' title="bbox 90 2713 1101 2789; baseline -0.002 -15"><span class='ocrx_word' id='word_1_239' title='bbox 90 2716 192 2776; x_wconf 90' lang='lat' dir='ltr'><strong>eodem</strong></span> <span class='ocrx_word' id='word_1_240' title='bbox 215 2715 318 2776; x_wconf 89' lang='lat' dir='ltr'><strong>ordine</strong></span> <span class='ocrx_word' id='word_1_241' title='bbox 343 2716 520 2773; x_wconf 82' lang='lat' dir='ltr'><strong>tractantur.</strong></span> <span class='ocrx_word' id='word_1_242' title='bbox 559 2714 594 2773; x_wconf 83' lang='lat' dir='ltr'><strong>ef.</strong></span> <span class='ocrx_word' id='word_1_243' title='bbox 618 2714 710 2772; x_wconf 91' lang='lat' dir='ltr'><strong>Lenel</strong></span> <span class='ocrx_word' id='word_1_244' title='bbox 733 2713 828 2773; x_wconf 78' lang='lat' dir='ltr'><strong>Iidiet.</strong></span> <span class='ocrx_word' id='word_1_245' title='bbox 851 2734 879 2789; x_wconf 88' lang='lat' dir='ltr'><strong>p.</strong></span> <span class='ocrx_word' id='word_1_246' title='bbox 896 2714 946 2774; x_wconf 88' lang='lat'><strong>83.</strong></span> <span class='ocrx_word' id='word_1_247' title='bbox 962 2716 1012 2773; x_wconf 88' lang='grc'><strong>90.</strong></span> <span class='ocrx_word' id='word_1_248' title='bbox 1030 2717 1101 2773; x_wconf 90' lang='grc'><strong>101.</strong></span> 
     </span>
     <span class='ocr_line' id='line_1_30' title="bbox 92 2806 351 2866; baseline -0.004 -4"><span class='ocrx_word' id='word_1_249' title='bbox 92 2808 162 2866; x_wconf 93' lang='grc'><strong>103.</strong></span> <span class='ocrx_word' id='word_1_250' title='bbox 184 2806 257 2864; x_wconf 92' lang='grc'><strong>215.</strong></span> <span class='ocrx_word' id='word_1_251' title='bbox 278 2806 351 2863; x_wconf 93' lang='grc'><strong>272.</strong></span> 
     </span>
    </p>

    <p class='ocr_par' dir='ltr' id='par_1_6' title="bbox 89 2889 1100 3593">
     <span class='ocr_line' id='line_1_31' title="bbox 177 2889 1100 2966; baseline -0.002 -14"><span class='ocrx_word' id='word_1_252' title='bbox 177 2892 263 2952; x_wconf 89' lang='lat' dir='ltr'><strong>Pedii</strong></span> <span class='ocrx_word' id='word_1_253' title='bbox 285 2891 371 2950; x_wconf 89' lang='lat' dir='ltr'><strong>libris</strong></span> <span class='ocrx_word' id='word_1_254' title='bbox 395 2891 442 2950; x_wconf 88' lang='lat' dir='ltr'><strong>usi</strong></span> <span class='ocrx_word' id='word_1_255' title='bbox 466 2893 536 2951; x_wconf 92' lang='lat' dir='ltr'><strong>sunt</strong></span> <span class='ocrx_word' id='word_1_256' title='bbox 555 2889 606 2965; x_wconf 90' lang='lat' dir='ltr'><strong>qui</strong></span> <span class='ocrx_word' id='word_1_257' title='bbox 624 2893 730 2966; x_wconf 88' lang='lat' dir='ltr'><strong>postea</strong></span> <span class='ocrx_word' id='word_1_258' title='bbox 748 2892 786 2950; x_wconf 89' lang='lat' dir='ltr'><strong>ad</strong></span> <span class='ocrx_word' id='word_1_259' title='bbox 805 2891 935 2950; x_wconf 89' lang='lat' dir='ltr'><strong>edietum</strong></span> <span class='ocrx_word' id='word_1_260' title='bbox 953 2892 1100 2966; x_wconf 86' lang='lat' dir='ltr'><strong>praetoris</strong></span> 
     </span>
     <span class='ocr_line' id='line_1_32' title="bbox 90 2970 1100 3059; baseline -0.002 -18"><span class='ocrx_word' id='word_1_261' title='bbox 90 2983 289 3058; x_wconf 84' lang='lat' dir='ltr'><strong>seripserunt,</strong></span> <span class='ocrx_word' id='word_1_262' title='bbox 312 2979 448 3056; x_wconf 89' lang='lat' dir='ltr'><strong>inprimis</strong></span> <span class='ocrx_word' id='word_1_263' title='bbox 472 2978 651 3054; x_wconf 90' lang='lat' dir='ltr'><strong>Pomponius</strong></span> <span class='ocrx_word' id='word_1_264' title='bbox 675 2970 721 3058; x_wconf 93' lang='lat' dir='ltr'><strong>(P.</strong></span> <span class='ocrx_word' id='word_1_265' title='bbox 737 2981 787 3038; x_wconf 91' lang='lat'><strong>44.</strong></span> <span class='ocrx_word' id='word_1_266' title='bbox 804 2982 854 3039; x_wconf 89' lang='lat'><strong>61.</strong></span> <span class='ocrx_word' id='word_1_267' title='bbox 871 2971 962 3059; x_wconf 83' lang='lat'><strong>158),</strong></span> <span class='ocrx_word' id='word_1_268' title='bbox 986 2979 1100 3039; x_wconf 91' lang='lat' dir='ltr'><strong>Paulus</strong></span> 
     </span>
     <span class='ocr_line' id='line_1_33' title="bbox 89 3059 1099 3152; baseline -0.001 -23"><span class='ocrx_word' id='word_1_269' title='bbox 89 3062 133 3152; x_wconf 93' lang='lat' dir='ltr'><strong>(P.</strong></span> <span class='ocrx_word' id='word_1_270' title='bbox 153 3061 245 3131; x_wconf 73' lang='lat' dir='ltr'><strong>213b.</strong></span> <span class='ocrx_word' id='word_1_271' title='bbox 266 3071 339 3129; x_wconf 93' lang='grc'><strong>232.</strong></span> <span class='ocrx_word' id='word_1_272' title='bbox 358 3070 435 3128; x_wconf 71' lang='grc' dir='ltr'><strong>251ο</strong></span> <span class='ocrx_word' id='word_1_273' title='bbox 458 3065 500 3143; x_wconf 61' lang='grc' dir='ltr'><strong>ἐξ</strong></span> <span class='ocrx_word' id='word_1_274' title='bbox 516 3070 567 3128; x_wconf 92' lang='grc'><strong>16.</strong></span> <span class='ocrx_word' id='word_1_275' title='bbox 584 3069 633 3127; x_wconf 90' lang='grc'><strong>18.</strong></span> <span class='ocrx_word' id='word_1_276' title='bbox 657 3068 730 3127; x_wconf 91' lang='grc'><strong>282.</strong></span> <span class='ocrx_word' id='word_1_277' title='bbox 747 3059 833 3128; x_wconf 55' lang='grc'><strong>5029.</strong></span> <span class='ocrx_word' id='word_1_278' title='bbox 850 3069 922 3129; x_wconf 92' lang='grc'><strong>541.</strong></span> <span class='ocrx_word' id='word_1_279' title='bbox 938 3068 1010 3129; x_wconf 93' lang='grc'><strong>552.</strong></span> <span class='ocrx_word' id='word_1_280' title='bbox 1027 3070 1099 3128; x_wconf 92' lang='grc'><strong>577.</strong></span> 
     </span>
     <span class='ocr_line' id='line_1_34' title="bbox 92 3148 1099 3237; baseline -0.003 -18"><span class='ocrx_word' id='word_1_281' title='bbox 92 3162 163 3221; x_wconf 88' lang='grc'><strong>678.</strong></span> <span class='ocrx_word' id='word_1_282' title='bbox 189 3161 263 3220; x_wconf 87' lang='grc'><strong>686.</strong></span> <span class='ocrx_word' id='word_1_283' title='bbox 286 3160 359 3218; x_wconf 90' lang='grc'><strong>792.</strong></span> <span class='ocrx_word' id='word_1_284' title='bbox 380 3148 472 3237; x_wconf 89' lang='grc'><strong>798),</strong></span> <span class='ocrx_word' id='word_1_285' title='bbox 504 3156 652 3232; x_wconf 88' lang='lat' dir='ltr'><strong>Ulpianus</strong></span> <span class='ocrx_word' id='word_1_286' title='bbox 681 3149 728 3235; x_wconf 93' lang='lat' dir='ltr'><strong>(P.</strong></span> <span class='ocrx_word' id='word_1_287' title='bbox 749 3158 821 3217; x_wconf 85' lang='lat'><strong>240.</strong></span> <span class='ocrx_word' id='word_1_288' title='bbox 842 3158 913 3216; x_wconf 92' lang='grc'><strong>244.</strong></span> <span class='ocrx_word' id='word_1_289' title='bbox 934 3158 1007 3216; x_wconf 90' lang='grc'><strong>245.</strong></span> <span class='ocrx_word' id='word_1_290' title='bbox 1027 3157 1099 3216; x_wconf 90' lang='grc'><strong>263.</strong></span> 
     </span>
     <span class='ocr_line' id='line_1_35' title="bbox 90 3236 1099 3309; baseline -0.007 0"><span class='ocrx_word' id='word_1_291' title='bbox 90 3241 179 3309; x_wconf 53' lang='grc'><strong>2693.</strong></span> <span class='ocrx_word' id='word_1_292' title='bbox 202 3249 276 3308; x_wconf 89' lang='grc'><strong>350.</strong></span> <span class='ocrx_word' id='word_1_293' title='bbox 302 3246 388 3307; x_wconf 72' lang='grc'><strong>377”.</strong></span> <span class='ocrx_word' id='word_1_294' title='bbox 413 3247 497 3306; x_wconf 82' lang='lat'><strong>453⁰.</strong></span> <span class='ocrx_word' id='word_1_295' title='bbox 523 3247 596 3305; x_wconf 92' lang='grc'><strong>455.</strong></span> <span class='ocrx_word' id='word_1_296' title='bbox 621 3246 707 3304; x_wconf 66' lang='grc'><strong>7880.</strong></span> <span class='ocrx_word' id='word_1_297' title='bbox 731 3247 803 3306; x_wconf 91' lang='grc'><strong>816.</strong></span> <span class='ocrx_word' id='word_1_298' title='bbox 825 3247 897 3306; x_wconf 90' lang='grc'><strong>836.</strong></span> <span class='ocrx_word' id='word_1_299' title='bbox 918 3247 990 3305; x_wconf 90' lang='grc'><strong>845.</strong></span> <span class='ocrx_word' id='word_1_300' title='bbox 1010 3236 1099 3304; x_wconf 56' lang='grc'><strong>8512.</strong></span> 
     </span>
     <span class='ocr_line' id='line_1_36' title="bbox 90 3322 1098 3411; baseline -0.007 -15"><span class='ocrx_word' id='word_1_301' title='bbox 90 3330 205 3398; x_wconf 53' lang='grc'><strong>85229.</strong></span> <span class='ocrx_word' id='word_1_302' title='bbox 237 3338 331 3396; x_wconf 90' lang='grc'><strong>1073.</strong></span> <span class='ocrx_word' id='word_1_303' title='bbox 361 3335 455 3394; x_wconf 89' lang='grc'><strong>1133.</strong></span> <span class='ocrx_word' id='word_1_304' title='bbox 486 3337 579 3394; x_wconf 94' lang='grc'><strong>1266.</strong></span> <span class='ocrx_word' id='word_1_305' title='bbox 604 3334 697 3392; x_wconf 87' lang='grc'><strong>1536.</strong></span> <span class='ocrx_word' id='word_1_306' title='bbox 724 3335 816 3394; x_wconf 90' lang='grc'><strong>1556.</strong></span> <span class='ocrx_word' id='word_1_307' title='bbox 843 3325 951 3394; x_wconf 57' lang='grc'><strong>15579.</strong></span> <span class='ocrx_word' id='word_1_308' title='bbox 977 3322 1098 3411; x_wconf 78' lang='grc'><strong>1592“).</strong></span> 
     </span>
     <span class='ocr_line' id='line_1_37' title="bbox 89 3421 1096 3502; baseline -0.007 -18"><span class='ocrx_word' id='word_1_309' title='bbox 89 3425 273 3502; x_wconf 89' lang='lat' dir='ltr'><strong>Pomponius</strong></span> <span class='ocrx_word' id='word_1_310' title='bbox 297 3427 327 3482; x_wconf 90' lang='lat' dir='ltr'><strong>et</strong></span> <span class='ocrx_word' id='word_1_311' title='bbox 350 3422 506 3499; x_wconf 89' lang='lat' dir='ltr'><strong>Ulpianus,</strong></span> <span class='ocrx_word' id='word_1_312' title='bbox 530 3421 708 3499; x_wconf 79' lang='lat' dir='ltr'><strong>ubicumque</strong></span> <span class='ocrx_word' id='word_1_313' title='bbox 727 3421 853 3481; x_wconf 88' lang='lat' dir='ltr'><strong>Pedium</strong></span> <span class='ocrx_word' id='word_1_314' title='bbox 876 3423 1009 3494; x_wconf 89' lang='lat' dir='ltr'><strong>laudant,</strong></span> <span class='ocrx_word' id='word_1_315' title='bbox 1032 3439 1096 3478; x_wconf 90' lang='lat' dir='ltr'><strong>eum</strong></span> 
     </span>
     <span class='ocr_line' id='line_1_38' title="bbox 90 3503 1097 3593; baseline -0.007 -20"><span class='ocrx_word' id='word_1_316' title='bbox 90 3533 124 3573; x_wconf 92' lang='lat' dir='ltr'><strong>eo</strong></span> <span class='ocrx_word' id='word_1_317' title='bbox 147 3513 349 3588; x_wconf 83' lang='lat' dir='ltr'><strong>consentiunt,</strong></span> <span class='ocrx_word' id='word_1_318' title='bbox 372 3510 483 3570; x_wconf 89' lang='lat' dir='ltr'><strong>Paulus</strong></span> <span class='ocrx_word' id='word_1_319' title='bbox 501 3509 653 3569; x_wconf 89' lang='lat' dir='ltr'><strong>interdum</strong></span> <span class='ocrx_word' id='word_1_320' title='bbox 672 3509 811 3570; x_wconf 87' lang='lat' dir='ltr'><strong>dissentit</strong></span> <span class='ocrx_word' id='word_1_321' title='bbox 834 3503 883 3593; x_wconf 94' lang='lat' dir='ltr'><strong>(D.</strong></span> <span class='ocrx_word' id='word_1_322' title='bbox 899 3512 929 3585; x_wconf 89' lang='lat'><strong>4,</strong></span> <span class='ocrx_word' id='word_1_323' title='bbox 945 3511 973 3583; x_wconf 91' lang='lat'><strong>8,</strong></span> <span class='ocrx_word' id='word_1_324' title='bbox 989 3510 1039 3581; x_wconf 89' lang='grc'><strong>32,</strong></span> <span class='ocrx_word' id='word_1_325' title='bbox 1056 3510 1097 3566; x_wconf 93' lang='grc'><strong>20</strong></span> 
     </span>
    </p>
   </div>
   <div class='ocr_carea' id='block_1_3' title="bbox 91 3589 1024 3762">
    <p class='ocr_par' dir='ltr' id='par_1_7' title="bbox 91 3589 1024 3762">
     <span class='ocr_line' id='line_1_39' title="bbox 91 3589 1024 3686; baseline 0.001 -26"><span class='ocrx_word' id='word_1_326' title='bbox 91 3594 213 3661; x_wconf 78' lang='lat' dir='ltr'><strong>‘Sextus</strong></span> <span class='ocrx_word' id='word_1_327' title='bbox 232 3601 343 3661; x_wconf 86' lang='lat' dir='ltr'><strong>Pedius</strong></span> <span class='ocrx_word' id='word_1_328' title='bbox 361 3601 457 3675; x_wconf 85' lang='lat' dir='ltr'><strong>putat,</strong></span> <span class='ocrx_word' id='word_1_329' title='bbox 482 3600 561 3676; x_wconf 91' lang='lat' dir='ltr'><strong>quod</strong></span> <span class='ocrx_word' id='word_1_330' title='bbox 583 3599 697 3657; x_wconf 86' lang='lat' dir='ltr'><strong>nullam</strong></span> <span class='ocrx_word' id='word_1_331' title='bbox 721 3599 869 3659; x_wconf 89' lang='lat' dir='ltr'><strong>rationem</strong></span> <span class='ocrx_word' id='word_1_332' title='bbox 891 3589 1024 3686; x_wconf 54' lang='lat' dir='ltr'><strong>hebeti.</strong></span> 
     </span>
     <span class='ocr_line' id='line_1_40' title="bbox 853 3703 892 3762; baseline 0 -22"><span class='ocrx_word' id='word_1_333' title='bbox 853 3703 892 3762; x_wconf 68' lang='lat'><strong>5*</strong></span> 
     </span>
    </p>
   </div>
   <div class='ocr_carea' id='block_1_4' title="bbox 0 0 1217 3976">
    <p class='ocr_par' dir='ltr' id='par_1_8' title="bbox 0 0 1217 3976">
     <span class='ocr_line' id='line_1_41' title="bbox 0 0 1217 3976; baseline 0 0"><span class='ocrx_word' id='word_1_334' title='bbox 0 0 1217 3976; x_wconf 95' lang='lat' dir='ltr'><strong> </strong></span> 
     </span>
    </p>
   </div>
  </div>
 </body>
</html>
