2422 3976
92 187 158 252 248
183 186 230 241 IV.
246 183 462 240 VESPASIANI
476 183 549 237 ΤΙΤΙ
562 183 759 239 DOMITIANI
772 183 881 240 ΤΕΜΡ.
895 183 992 240 IURIS
1006 184 1109 241 CONS.

93 349 245 416 bacchari
259 350 379 413 soleret
394 351 427 413 et
442 347 535 432 quasi
550 347 679 412 demens
694 369 850 431 responsa
863 347 964 432 daret,
981 349 1111 414 etiamsi

93 461 150 523 per
179 437 341 502 luxuriam
367 436 401 501 id
428 437 551 502 factum
579 440 641 521 est,
667 437 783 502 vitium
805 440 917 503 tamen
940 458 1026 520 esse,
1054 438 1112 502 sed

93 528 211 592 vitium
243 525 357 610 animi,
392 547 459 592 non
491 526 649 610 eorporis,
680 526 816 609 ideoque
848 525 1012 591 redhiberi
1044 548 1112 592 non

93 637 199 701 posse,
218 616 371 699 quoniam
390 614 508 680 aediles
527 614 566 679 de
585 614 807 700 corporalibus
821 613 912 679 vitiis
925 613 1112 700 loquuntur.

95 709 239 770 attamen
263 707 432 788 exempto
457 702 618 767 actionem
641 703 792 790 admittit

184 794 213 858 3.
241 792 282 858 D.
299 793 377 858 ibid.
396 794 416 873 ξ
438 793 478 857 11
498 795 532 856 et
551 792 572 856 l.
589 793 668 876 4pr.
686 829 731 842 -
748 792 838 856 Idem
857 791 937 858 dicit
955 793 1056 858 etiem
1078 794 1114 858 in

93 883 160 969 his,
189 882 245 966 qui
271 885 400 965 praeter
427 880 559 945 modum
585 881 692 946 timidi
719 880 825 966 cupidi
854 882 1007 966 ararique
1037 886 1115 947 sunt

95 976 152 1037 aut
169 970 325 1036 iracundi.
346 969 352 1055 Ι
372 971 414 1035 ob
433 990 515 1054 quae
534 969 615 1034 vitia
636 975 735 1056 negat
756 969 1009 1037 redhibitionem
1034 992 1114 1055 esse,

95 1083 135 1125 ex
158 1067 266 1143 empto
290 1059 346 1123 dat
369 1059 539 1123 actionem.

184 1152 214 1214 4.
246 1146 286 1213 D.
303 1147 378 1212 ibid.
401 1147 465 1212 l.4
492 1149 563 1228 51.
592 1184 634 1194 -
668 1145 730 1211 Sed
763 1148 791 1212 si
822 1147 938 1213 vitium
968 1148 1115 1232 corporis

94 1259 196 1322 usque
225 1236 264 1301 ad
293 1236 437 1300 animum
463 1240 627 1321 penetrat,
659 1236 744 1301 forte
771 1237 800 1301 si
826 1240 962 1320 propter
989 1236 1115 1301 febrem

96 1328 273 1411 loquantur
300 1325 420 1408 aliena,
447 1325 497 1389 vel
526 1325 582 1409 qui
609 1346 667 1408 per
693 1325 782 1389 vicos
810 1346 899 1390 more
922 1326 1116 1390 insanorum

96 1415 270 1481 deridenda
305 1413 494 1498 loquantur,
529 1414 564 1478 in
601 1434 682 1497 quos
717 1413 751 1477 id
788 1413 887 1479 animi
924 1413 1046 1478 vitium
1078 1435 1115 1479 ex

96 1504 242 1588 corporis
264 1502 345 1567 vitio
370 1502 500 1587 accidit,
523 1502 686 1568 redhiberi
709 1523 813 1586 posse.

187 1592 216 1658 5.
240 1590 279 1656 D.
289 1592 342 1676 21,
354 1591 382 1674 1,
394 1592 445 1669 17,
455 1593 484 1656 3.
521 1590 683 1675 Ulpianus
696 1591 781 1656 libro
794 1592 901 1674 primo
916 1590 958 1655 ad
973 1590 1115 1657 edietum

98 1680 250 1747 aedilium
283 1681 441 1744 curulium
469 1677 518 1766 (P.
540 1677 664 1766 17610).
693 1717 735 1726 -
764 1729 797 1745 ..
825 1680 910 1764 apud
938 1677 1115 1746 Vitianum

98 1771 235 1836 relatum
259 1772 309 1833 est
331 1768 506 1854 fugitivum
525 1768 593 1833 fere
613 1771 654 1834 ab
674 1769 789 1834 affectu
808 1767 908 1833 animi
926 1768 1115 1854 intellegen-

98 1859 175 1924 dum
199 1878 283 1941 esse,
305 1878 372 1922 non
394 1858 507 1941 utique
530 1880 550 1921 a
573 1857 661 1944 fuga.
700 1879 777 1922 nam
800 1879 887 1942 eum,
908 1859 965 1941 qui
988 1857 1113 1923 hostem

99 1951 156 2013 aut
182 1947 357 2030 latronem,
389 1947 572 2011 incendium
600 1947 766 2011 ruinamve
793 1946 936 2031 fugeret,
968 1946 1113 2030 quamvis

98 2036 222 2121 fugisse
250 2057 362 2101 rerum
390 2039 452 2118 est,
480 2057 544 2100 non
572 2039 681 2099 tamen
708 2034 885 2120 fugitivum
909 2056 991 2102 esse.
1037 2035 1112 2100 item

99 2147 139 2189 ne
163 2147 236 2189 eum
259 2124 402 2208 quidem,
426 2125 481 2208 qui
505 2146 524 2187 a
546 2127 753 2208 praeceptore
776 2125 827 2189 cui
850 2125 884 2187 in
908 2122 1111 2207 disciplinam

99 2215 237 2279 traditus
271 2217 341 2277 erat
374 2213 513 2297 aufugit,
545 2235 615 2278 esse
646 2213 837 2297 fugitivum,
868 2212 898 2277 si
927 2213 1014 2278 forte
1045 2213 1110 2278 ideo

99 2304 199 2389 fugit,
227 2302 302 2386 quia
324 2302 534 2366 immoderate
558 2303 779 2367 coutebatur.
825 2301 976 2385 idemque
999 2304 1109 2387 probat

101 2397 133 2456 et
160 2393 188 2456 si
216 2392 256 2455 ab
286 2413 323 2455 eo
351 2390 472 2474 fugerit
500 2391 551 2456 oui
575 2394 645 2455 erat
669 2390 904 2473 commodatus,
933 2390 962 2456 si
985 2393 1109 2475 propter

101 2483 235 2546 eandem
263 2501 393 2544 causam
421 2479 551 2564 fugerit.
596 2479 681 2544 idem
708 2480 827 2564 probat
848 2477 1010 2545 Vivianus
1035 2485 1066 2544 et
1085 2477 1108 2540 si

101 2572 228 2635 saevius
257 2589 329 2632 oum
357 2589 395 2632 eo
423 2570 552 2651 agebat.
597 2571 677 2634 haec
701 2570 762 2651 ita,
790 2568 818 2632 si
842 2590 897 2633 eos
921 2568 1059 2654 fugisset
1079 2569 1105 2630 et
1149 2606 1152 2645 ἱ

102 2658 142 2722 ad
176 2658 340 2722 dominum
372 2658 526 2741 venisset,
559 2662 700 2721 ceterum
733 2660 760 2721 ei
789 2657 829 2720 ad
858 2656 1025 2723 dominum
1050 2673 1105 2720 non
1150 2652 1152 2663 '

102 2747 257 2825 venisset,
281 2746 349 2810 sine
373 2745 440 2809 ulla
464 2746 666 2810 dubitatione
690 2745 864 2831 fugitivum
887 2747 991 2815 videri
1015 2746 1066 2810 ait.

192 2835 222 2900 6.
244 2833 283 2898 D.
297 2834 372 2899 ibid.
388 2836 407 2913 ἓ
421 2835 452 2900 4.
467 2871 509 2881 -
528 2834 618 2898 Idem
638 2834 696 2900 ait:
721 2837 941 2919 interrogatus
960 2832 1104 2900 Proculus

103 2923 141 2987 de
175 2944 226 3004 eo,
259 2925 314 3007 qui
346 2922 433 2987 domi
461 2925 610 2987 latuisset
636 2925 671 2988 in
698 2923 760 2988 hoc
788 2923 926 3006 scilicet,
958 2928 996 2988 ut
1022 2923 1103 3006 fuga

102 3015 216 3076 nactus
241 3012 442 3077 occasionem
467 3033 501 3077 se
525 3013 742 3096 subtraheret,
767 3011 827 3096 ait,
850 3015 986 3077 tametsi
1008 3013 1102 3096 fugere

103 3124 168 3166 non
201 3103 313 3184 posset
343 3101 459 3183 videri,
492 3102 546 3186 qui
574 3101 662 3165 domi
689 3101 876 3183 mansisset,
908 3107 1019 3167 tamen
1045 3115 1103 3164 eum

103 3191 280 3274 fugitivum
307 3188 421 3273 fuisse3
449 3190 499 3252 sin
527 3195 635 3254 autem
662 3191 696 3254 in
723 3190 784 3253 hob
809 3192 940 3255 tantum
962 3187 1102 3264 latuisset,

104 3278 211 3362 quoad
241 3277 408 3341 iracundia
436 3278 558 3343 domini
586 3278 822 3360 effervesceret,
852 3278 1028 3363 fugitivum
1050 3293 1101 3340 non

104 3389 185 3450 esse,
205 3366 301 3431 sicuti
319 3386 359 3428 ne
378 3387 451 3429 eum
470 3368 607 3449 quidem,
627 3368 681 3450 qui
700 3389 772 3431 curn
792 3367 958 3432 dominum
977 3359 1102 3433 animad-

104 3459 246 3521 verteret
274 3454 460 3518 verberibus
490 3477 523 3519 se
548 3456 682 3520 adficere
706 3457 802 3538 velle,
829 3458 1059 3542 praeripuisset
1076 3467 1101 3512 se

105 3547 146 3609 ad
171 3544 318 3624 amicum,
341 3565 435 3628 quern
460 3543 499 3607 ad
522 3545 718 3628 precandum
741 3545 940 3628 perduceret.
984 3568 1023 3611 ne
1044 3557 1101 3606 eum
