2422 3976
162 185 229 251 544
529 182 808 242 apamenam

163 369 334 433 personam
357 351 442 433 agat,
465 346 628 430 suscipere
645 344 805 432 (debere)
828 348 936 433 ipsum
955 348 998 415 ad
1015 348 1087 417 litis
1104 370 1177 415 con·

163 435 384 520 testationem,
407 435 462 500 sed
482 435 706 501 sustinendum
723 434 885 521 iudicium,
903 435 1008 503 donec
1025 437 1067 502 dc
1082 437 1177 505 liber-

163 528 232 591 tate
257 523 429 610 indicetur3
457 544 517 589 nec
544 523 646 589 videri
673 523 907 610 praeiudicium
933 525 1085 593 libertati
1111 527 1177 593 lieri

163 617 222 679 aut
245 613 411 679 voluntate
433 610 557 678 domini
579 613 615 677 in
637 614 788 679 libertate
811 635 885 679 eum
908 614 1042 683 morari.

495 752 546 821 De
561 755 673 837 name
687 760 843 839 rotem
939 841 943 847 ,

255 860 320 926 66?
344 860 382 926 D.
399 861 472 943 1,·9,
486 862 516 945 l,
531 862 559 927 1.
592 858 752 945 Ulpianus
773 861 857 927 libro
880 863 989 947 primo
1012 862 1056 929 uel
1072 863 1174 950 legem

162 950 283 1017 Iuliam
310 953 343 1014 et
365 948 515 1035 Papiam.
535 986 573 996 -
598 948 633 1014 si
663 951 736 1035 quis
762 955 938 1037 conceptus
966 952 1101 1037 quidem
1125 953 1172 1035 sit,

165 1042 340 1124 antequam
371 1044 465 1123 peter
491 1038 560 1103 eius
589 1042 703 1103 senatu
730 1043 912 1124 moveatur,
942 1044 1044 1107 natus
1072 1044 1172 1107 autem

164 1130 240 1213 post
266 1126 370 1211 patris
398 1127 550 1193 emissem
577 1126 786 1214 dignitatem,
815 1128 921 1215 magis
949 1133 1003 1195 est
1024 1133 1064 1195 ut
1086 1128 1171 1215 qusai

166 1216 324 1282 senatoris
344 1214 432 1280 filius
451 1214 678 1302 intellegetur,
700 1220 830 1301 tempus
849 1217 937 1283 enim
954 1219 1168 1305 conceptionis

165 1304 375 1390 spectandum
396 1303 559 1390 plerisque
581 1304 711 1389 placuit

254 1394 305 1459 67.
329 1390 399 1459 Gai
416 1395 445 1477 1,
458 1392 510 1459 90.
533 1430 576 1440 -
597 1442 627 1460 ..
647 1392 676 1459 si
698 1393 750 1460 cui
773 1393 901 1458 mulieri
924 1394 989 1460 civi
1010 1394 1166 1462 Romnum
1198 1458 1201 1473 ,

164 1482 336 1568 praegnati
359 1502 443 1567 nque
466 1485 500 1547 et
519 1480 589 1568 igni
606 1480 816 1548 interdictum
833 1481 943 1567 fuerit,
960 1504 1065 1569 coque
1081 1482 1165 1549 modo
1198 1484 1201 1489 '

164 1570 337 1656 peregrina
358 1570 446 1636 facts
466 1574 544 1636 tnnc
565 1570 688 1657 pariet,
710 1571 892 1656 complures
914 1571 1119 1659 distinguunt
1138 1574 1165 1637 et

165 1661 295 1743 putant,
322 1657 481 1744 siqnidem
508 1680 548 1723 ex
578 1660 674 1725 iustis
701 1658 824 1745 nuptiis
851 1662 1048 1747 conceperit,
1074 1661 1163 1729 civem

164 1746 348 1851 Romanum
370 1768 410 1812 ex
432 1768 471 1813 ea
491 1747 592 1851 nasci,
615 1748 644 1813 si
661 1769 738 1814 vero
756 1749 856 1833 vulgo
874 1750 1069 1836 conceperit,
1088 1768 1161 1837 perc·

166 1854 297 1920 gnnnm
319 1855 359 1900 ex
380 1857 419 1902 ea
440 1857 540 1903 nasci

255 1923 307 1990 68.
330 1922 400 1990 Gai.
416 1926 444 2010 1,
458 1925 510 1992 91.
532 1961 570 1971 -
590 1923 673 1990 Item
688 1925 717 1990 si
731 1946 796 2010 qua
807 1924 924 1991 mulier
936 1925 1018 1993 aivis
1030 1926 1160 1994 Romans

164 2033 323 2099 praegnas
356 2035 396 2078 ex
427 2014 709 2080 senatusconsulto
739 2010 917 2080 Claudiano
946 2016 1064 2082 ancille
1087 2015 1158 2081 fact

167 2102 212 2167 sit
243 2102 285 2167 ob
317 2101 352 2166 id
384 2101 471 2187 quod
502 2102 610 2168 alieno
643 2124 735 2168 servo
767 2103 869 2168 invito
903 2107 938 2170 et
970 2104 1157 2170 denuntiante

166 2191 298 2256 domino
322 2192 390 2255 eius
409 2189 574 2275 (coierit),
598 2191 768 2275 conplures
792 2191 999 2277 distinguunt
1017 2197 1049 2259 et
1066 2190 1155 2258 existi-

166 2282 267 2360 mant,
291 2281 318 2343 si
342 2279 470 2364 quidem
495 2301 533 2343 ex
552 2281 646 2344 iustis
665 2280 786 2363 nuptiis
806 2286 981 2365 conceptus
1001 2283 1054 2368 sit,
1074 2281 1154 2346 cisen

165 2367 348 2432 Romanum
377 2389 415 2432 ex
443 2390 482 2432 ea
508 2369 611 2452 nasci,
639 2369 667 2432 si
694 2390 769 2433 vero
793 2369 891 2453 vulgo
920 2379 1091 2456 conceptus
1115 2368 1154 2448 eit,

165 2478 293 2521 servum
317 2457 407 2520 nasei
430 2457 498 2521 eiua
522 2456 613 2522 cuius
636 2461 741 2521 mater
763 2459 850 2522 facta
873 2463 960 2523 esset
983 2459 1104 2525 ancilla

255 2544 320 2609 69?
352 2545 389 2609 D.
409 2545 465 2627 50,
487 2547 518 2629 l,
539 2547 572 2628 1,
590 2547 620 2612 2.
666 2546 825 2630 Ulpianus
854 2546 940 2613 libro
969 2547 1101 2613 secundo
1123 2541 1151 2608 ad

165 2632 315 2698 edictum.
345 2671 386 2680 —
421 2632 533 2698 Celsus
561 2685 568 2700 .
592 2683 600 2700 .
627 2634 726 2699 refert
763 2634 907 2700 Ponticis
946 2657 985 2700 ex
1022 2631 1149 2701 beneficio

165 2719 298 2805 Pompei
316 2720 428 2808 Magni
451 2726 641 2807 competere,
665 2729 702 2788 ut
725 2723 781 2807 qni
800 2722 935 2788 Pontica
958 2729 1060 2790 matre
1075 2725 1149 2788 natus

167 2815 264 2893 esset,
300 2810 455 2876 Ponticus
493 2814 586 2876 esset.
646 2811 732 2896 quod
769 2812 962 2878 beneficium
999 2814 1039 2878 ad
1075 2810 1148 2892 vulgo
1199 2854 1201 2871 .

166 2899 331 2980 quaesitos
356 2901 442 2964 solos
465 2900 625 2984 pertinere
648 2899 778 2984 quidam
801 2904 927 2984 putent

462 3057 513 3124 De
533 3061 682 3143 emptione
703 3061 899 3158 venditione.»

519 3172 566 3230 De
587 3173 678 3245 faedo
700 3174 820 3232 vendito.

256 3271 306 3336 70.
321 3268 433 3336 Oieero
449 3271 486 3335 de
501 3271 584 3337 offic.
594 3273 624 3352 3,
636 3273 686 3357 16,
694 3272 745 3338 65.
757 3310 798 3320 —
813 3322 839 3340 ..
854 3297 874 3339 a
887 3273 967 3339 iuris
982 3268 1143 3339 mnsntis..
1163 3268 1167 3275 '
1189 3290 1201 3349 f

165 3359 352 3424 reticentiae
379 3381 484 3443 poena
512 3366 561 3425 est
584 3362 773 3444 constituta;
802 3362 958 3447 quidquid
980 3363 1062 3428 enim
1081 3354 1142 3451 esset

164 3447 199 3509 in
223 3449 355 3531 praedio
378 3448 458 3531 vitii,
481 3448 513 3512 id
538 3453 734 3535 statuerunt,
757 3451 785 3515 si
807 3451 957 3517 venditor
979 3451 1080 3532 sciret,
1096 3443 1141 3508 ni⁵1

165 3537 356 3602 nominatim
380 3537 501 3602 dictum
525 3542 610 3603 esset
632 3541 791 3624 praestari
814 3543 974 3624 oportere.
