2422 3976
349 163 373 212 8.
396 156 605 214 IAVOLENUS
623 156 772 213 PRISCUS
998 158 1063 223 401

65 326 101 386 bi
123 326 200 386 haec
221 324 376 402 leguntur:
406 319 560 387 ‘lavolenu
588 344 624 384 ex
647 314 749 386 Cassio
777 325 878 405 βιβλία
899 323 1064 397 δεκαπέντε,

65 415 201 491 pistolon
227 413 329 494 βιβλία
355 410 562 495 δεκατέσσαρα,
589 415 627 473 ad
649 414 804 475 Plautium
830 414 931 494 βιβλία
958 409 1064 478 nisce?

65 503 120 564 ibri
143 522 181 562 ex
203 502 350 564 Labeonis
373 504 588 579 posterioribus
612 505 770 579 compositi
791 506 873 580 apud
892 504 1066 565 Iauolenum

65 612 108 653 ¹on
126 591 303 668 laudantur;
322 592 485 652 laudantur
502 592 578 652 falso
597 592 678 668 apud
692 594 861 652 Labeonem
875 584 1066 674 (Λαβεῶνος

65 681 253 743 ιοθίθιὶοιιιιιι
275 680 376 760 βιβλία
399 672 511 762 δέκα),
536 699 623 757 quern
646 701 707 741 non
729 682 838 755 decem,
863 683 914 741 sed
938 684 1064 758 quadra-

65 770 138 830 inta
159 769 225 829 iere
247 768 340 829 libros
362 769 521 846 reliquisse
543 772 668 829 constat.
705 769 820 847 v.11‚1
845 791 873 846 p.
890 772 962 830 160.

301 982 325 1041 Ι.
358 983 425 1042 Res
448 982 485 1041 in
507 986 687 1043 conventu
710 985 821 1044 actae.

140 1100 180 1166 D.
198 1101 252 1183 40,
271 1102 301 1185 2,
319 1100 348 1166 5.
403 1101 547 1167 Iulianus
580 1102 692 1166 eodem
721 1101 806 1167 libro
839 1099 895 1189 (sc.
929 1102 1064 1187 quadra·

65 1189 199 1277 gensimo
226 1190 367 1255 secundo
395 1188 621 1276 Digestorum)
648 1186 698 1277 (P.
718 1189 807 1275 586).
830 1226 873 1238 -
896 1190 951 1254 An
978 1191 1064 1274 apud

67 1302 84 1346 e
103 1279 333 1345 manumittere
352 1279 502 1363 possitis
522 1279 577 1364 qui
595 1281 764 1344 consilium
784 1280 946 1364 praebeat,
967 1301 1063 1363 saepe

65 1368 234 1454 [uaesitum
258 1371 317 1432 est
358 1387 419 1452 ego
442 1368 498 1453 qui
521 1369 739 1432 meminissem
760 1367 949 1433 Iauolenum
971 1390 1063 1452 prae-

65 1463 225 1559 optarem
241 1478 348 1521 meum
372 1456 437 1519 et
427 1479 461 1520 ιιι
485 1457 654 1522 Ainea
621 1460 654 1522 e
677 1457 711 1521 in
734 1454 830 1541 Syria
853 1477 962 1561 servos
986 1478 1062 1522 suos

65 1545 292 1625 nanumisisse‚
315 1567 388 1610 eum
412 1546 581 1610 consilium
605 1546 841 1628 praeberet..

143 1673 209 1734 Gai.
235 1675 343 1750 1‚18.
368 1677 418 1740 19.
444 1668 637 1744 ‘Quod..de
665 1677 766 1734 aetate
791 1674 869 1735 servi
891 1675 1063 1752 requiritur,

65 1782 120 1842 age
144 1761 233 1822 Aelia
246 1756 358 1823 vSentis
384 1763 589 1823 introductum
613 1766 667 1823 est.
713 1783 781 1822 nam
805 1763 912 1823 salex
933 1764 1063 1824 minores

65 1853 133 1912 [XX
156 1870 302 1910 annorum
325 1870 427 1912 servos
450 1870 510 1911 non
533 1852 621 1911 aliter
643 1853 740 1912 voluit
762 1852 963 1912 manumissos
983 1853 1062 1914 cives

65 1943 200 2002 lomanos
232 1940 309 2018 fieri,
341 1959 432 2018 quam
464 1941 490 2000 si
522 1941 655 2000 vindicta
687 1942 767 2017 apud
799 1941 955 2001 consilium
982 1941 1063 2000 iuste

65 2048 141 2091 ausa
167 2029 408 2089 manumissionis
436 2029 614 2105 adprobata,
641 2029 761 2089 liberati
788 2029 901 2088 fuerint
920 2074 928 2089 .
944 2074 972 2089 ..
992 2048 1062 2088 con·

65 2119 153 2179 ilium
178 2122 280 2178 autem
303 2117 488 2178 adhibetur.
512 2117 596 2178 ..in
617 2119 802 2194 provinciis.
823 2163 829 2176 .
847 2116 956 2196 viginti
978 2137 1062 2177 recu·

65 2210 223 2268 oratorum
250 2207 361 2268 civium
383 2206 600 2283 Romanorum,
625 2207 713 2283 idque
735 2207 770 2265 fit
792 2207 898 2266 ultimo
922 2205 969 2264 die
993 2223 1061 2266 con·

65 2301 179 2358 entus.
195 2342 200 2354 .
216 2289 234 2354 .’

425 2420 464 2479 H.
491 2420 685 2496 Responsa.

136 2544 312 2606 Iauolenum
352 2545 399 2604 ius
440 2545 526 2606 civile
567 2544 686 2620 publice
721 2541 907 2618 respondisse
944 2542 1059 2602 Plinius

65 2656 92 2714 p.
113 2635 205 2711 6,15
236 2633 368 2693 tradidit.
414 2634 493 2709 quod
519 2633 551 2694 in
577 2632 820 2708 inscriptionibus
848 2632 923 2705 illis,
951 2631 1059 2708 quibus

65 2723 215 2785 fficiorum
232 2722 368 2782 Iauoleni
389 2723 501 2781 mentio
523 2721 567 2795 fit,
589 2721 662 2780 iuris
685 2720 813 2781 consulti
834 2739 943 2780 nomen
965 2721 1059 2797 deest,

65 2813 75 2874 i
106 2813 213 2886 postea
244 2811 364 2870 demum
395 2811 443 2870 ius
470 2810 669 2887 respondendi
696 2809 800 2868 datum
829 2827 894 2868 esse
921 2809 1061 2886 Krueger

65 2901 157 2963 ‚162
180 2918 210 2960 n.
225 2902 287 2960 129
316 2899 380 2958 iure
404 2898 524 2959 videtur
546 2898 687 2959 conicere.
732 2898 883 2957 intereos
911 2898 964 2973 qui
991 2917 1060 2958 con·

65 2989 197 3064 ulabant,
220 2989 311 3048 etiam
334 2988 529 3064 magistratus
547 2988 641 3047 fuisse
659 2986 724 3062 ipse
744 2987 779 3044 D.
794 2987 845 3061 40,
862 2988 890 3060 2,
905 2989 923 3047 5
943 2992 1060 3046 narrat:

65 3077 242 3158 pnibnsdam
268 3077 456 3151 praetoribus
484 3074 708 3136 consulentibus
798 3069 901 3151 suasi',
928 3079 959 3135 et
985 3075 1059 3134 iuris

65 3167 162 3228 eritos
194 3184 314 3244 quoque
345 3166 419 3225 alios
451 3167 500 3226 vel
531 3165 605 3223 iuris
633 3164 782 3224 studiosos
801 3183 868 3224 non
895 3182 964 3223 raro
992 3181 1061 3222 eum

65 3254 234 3317 onsuluisse
258 3273 294 3314 ea
315 3254 457 3331 probant,
485 3273 561 3331 quae
584 3252 621 3314 D.
637 3254 665 3327 8,
679 3253 753 3325 4,.5
777 3255 829 3327 41,
844 3255 873 3326 2,
889 3254 940 3326 23,
955 3253 984 3310 2.
1007 3252 1060 3328 42,

65 3346 136 3423 ·2,8
156 3343 308 3422 leguntur.
348 3342 383 3402 cf.
405 3343 542 3421 Krueger
564 3363 593 3418 p.
609 3344 680 3402 162.
704 3341 756 3418 qui
778 3340 980 3416 consulebant,
998 3358 1059 3399 non

65 3433 137 3493 rodo
155 3432 358 3508 proferebant,
377 3424 469 3508 quod
483 3429 725 3506 praeceptoribus
739 3430 799 3490 tuis
812 3422 921 3506 placet’
957 3429 993 3487 D.
1007 3431 1060 3506 42,

65 3523 70 3579 i
72 3511 165 3604 ,,28)
183 3520 237 3582 sed
256 3522 348 3581 etiam
365 3520 446 3598 quod
461 3520 593 3580 Labeoni
612 3522 665 3578 aut
679 3519 806 3579 Proculo
824 3518 925 3594 placet
960 3518 998 3578 ll
1010 3520 1072 3592 88,

104 3629 202 3679 Iurlspr.
216 3628 335 3670 antebadr.
348 3629 398 3670 rell
408 3629 441 3669 ad
451 3627 548 3670 Brome:
574 3629 606 3682 II,
617 3631 636 3671 2.
820 3622 860 3674 2,8
