2422 3976
458 184 483 235 7.
501 177 690 235 PROOULUS
1017 181 1079 247 107

56 364 146 409 mors
170 345 231 407 aut
253 340 388 407 exilium
411 344 506 407 esset.
548 342 604 426 qui
624 363 744 407 nomen
762 342 888 426 detulit,
911 365 1080 411 accusasse

57 430 300 516 intellegendus
327 433 391 514 est,
413 431 479 495 nisi
502 431 714 496 abolitionem
736 431 833 517 petit,
860 433 957 518 idque
981 433 1080 499 etiam

57 520 200 586 Proculo
224 519 388 605 placuisse
412 517 569 585 Servilius
592 520 702 585 refert.

147 631 215 692 Hoc
237 632 451 710 fragmentum,
475 650 541 691 eum
566 631 711 692 Servilius
734 632 822 692 testis
845 634 996 710 laudetur,
1018 654 1079 694 non

57 724 132 780 nota
153 721 194 780 ad
216 721 387 780 Labeonem
411 719 532 797 scripta,
559 721 612 780 sed
633 740 811 797 responsum
831 722 1001 781 habendum
1024 731 1078 783 est.

58 813 194 870 ceterum
218 809 254 869 cf.
278 809 410 868 incertae
433 809 512 868 sedis
535 809 708 887 fragmenta
729 809 809 870 infra
832 830 858 885 p.
876 812 948 871 141.

479 963 530 1028 De
552 964 664 1046 legatis.

148 1088 180 1152 4.
209 1086 248 1152 D.
267 1089 320 1172 23,
339 1089 369 1171 3,
386 1089 440 1166 48,
462 1089 489 1152 1.
534 1087 626 1152 Idem
653 1087 712 1170 (sc.
734 1085 895 1174 Iulianus)
919 1088 1005 1153 libro
1029 1111 1078 1153 se-

60 1176 164 1242 cundo
190 1176 231 1240 ad
252 1175 403 1241 Urseium
421 1175 577 1241 Ferocem
600 1173 650 1261 (P.
666 1177 755 1260 892).
777 1213 816 1223 -
838 1175 936 1242 Socer
959 1197 1078 1262 genero
1154 1186 1159 1196 '

60 1286 118 1330 suo
153 1266 203 1330 sic
234 1265 415 1351 legaverat:
448 1264 560 1330 ‘Lucio
590 1265 677 1331 Titio
709 1265 795 1330 filiae
829 1286 918 1331 meae
947 1266 1079 1331 nomine

60 1359 191 1419 centum
209 1355 303 1419 heres
322 1376 412 1420 meus
431 1354 566 1423 damnas
587 1358 656 1419 esto
675 1352 774 1418 dare'.
807 1354 891 1420 hanc
908 1356 1079 1436 pecuniam

60 1464 218 1528 generum
254 1447 364 1527 petere
400 1443 531 1522 debere,
573 1447 722 1508 exactam
758 1449 924 1528 acceptam
959 1443 1078 1528 legatis

59 1531 189 1615 referri,
218 1531 274 1597 sed
302 1532 425 1616 <nihilo
455 1532 560 1596 miuus
589 1533 674 1597 dotis
704 1553 775 1596 esse
801 1532 923 1597 factam
953 1532 1008 1616 et>
1031 1532 1079 1596 di·

59 1621 166 1686 vortio
199 1620 286 1686 facto
317 1622 376 1689 rei,
395 1620 541 1686 ucorrac¹
569 1622 696 1686 actione
724 1621 852 1685 mulieri
879 1620 1075 1686 reddendam

59 1707 215 1775 Proculus
239 1709 405 1793 respoudit
418 1713 471 1790 [et
489 1710 592 1775 nihilo
612 1711 718 1775 minus
738 1709 824 1775 dotis
843 1732 913 1775 esse
932 1710 1075 1791 factam].

151 1797 182 1864 5.
210 1797 250 1862 D.
269 1799 322 1881 34,
342 1798 372 1880 2,
391 1800 444 1883 32,
463 1799 493 1864 5.
538 1799 659 1863 Paulus
685 1798 769 1863 libro
794 1799 932 1864 secundo
957 1799 998 1864 ad
1022 1799 1077 1863 Vi-

60 1887 191 1952 tellium
224 1884 274 1974 (P.
293 1885 421 1974 2074b).
450 1924 492 1934 —
520 1887 673 1953 Neratius
700 1886 872 1952 Proculum
905 1887 1005 1952 refert
1031 1889 1078 1952 ita

61 1975 285 2060 respondisset
325 1977 411 2041 vasis
449 1977 611 2042 electrinis
644 1976 763 2060 legatis
796 1977 879 2040 nihil
911 1978 1078 2059 interesse,

60 2070 221 2148 quantum
251 2086 290 2128 ea
316 2087 409 2150 vasa,
441 2065 479 2129 de
508 2066 624 2148 quibus
653 2065 832 2148 quaeritur,
866 2067 994 2150 argenti
1022 2071 1079 2129 aut

61 2153 173 2218 electri
196 2152 355 2238 habeant,
378 2154 434 2218 sed
458 2157 566 2219 utrum
590 2158 761 2238 argentum
785 2155 904 2218 electro
930 2176 973 2218 an
995 2155 1077 2219 elec-

60 2245 148 2307 trum
179 2246 317 2327 argento
342 2242 443 2307 cedat.
493 2243 525 2306 id
549 2265 588 2307 ex
612 2245 745 2325 aspectu
769 2264 922 2307 rasorum
950 2242 1077 2308 facilius

60 2329 210 2415 intellegi
237 2352 346 2415 posse;
375 2331 460 2416 quod
489 2331 517 2395 si
544 2331 579 2395 in
607 2332 744 2396 obscuro
769 2331 821 2413 sit,
843 2330 1078 2414 inspiciendum

61 2425 118 2500 est,
142 2420 178 2483 in
202 2423 276 2483 utro
299 2442 433 2485 numero
454 2442 491 2484 ea
509 2442 588 2485 vasa
605 2420 644 2503 is,
668 2421 722 2504 qui
741 2423 973 2485 testamentum
992 2421 1078 2501 fecit,

59 2507 222 2573 habuerit.

67 2654 71 2663 .
152 2597 183 2662 6.
208 2595 248 2660 D.
263 2597 316 2681 31,
330 2597 382 2662 20.
418 2596 508 2661 Idem
527 2594 585 2683 (sc.
600 2595 727 2682 Celeus)
746 2596 830 2661 libro
849 2617 936 2660 nono
955 2595 1077 2661 decimo

62 2684 276 2770 Digestorum
299 2682 347 2770 (P.
365 2683 453 2772 158).
477 2723 518 2732 -
543 2685 724 2751 ..Proculo
743 2685 914 2770 placebat.
930 2737 936 2750 .
952 2735 968 2768 .,
992 2685 1078 2768 quod

61 2795 155 2839 servo
178 2774 342 2839 communi
365 2775 510 2860 legatum
534 2776 585 2856 sit,
608 2776 637 2839 si
658 2775 741 2839 alter
760 2774 963 2839 dominorum
982 2775 1077 2839 omit-

60 2866 154 2946 teret,
178 2862 276 2927 alteri
294 2884 361 2928 non
379 2865 578 2948 adcrescere,
601 2886 667 2928 non
686 2864 772 2927 enim
790 2864 997 2947 coniunctim,
1021 2864 1076 2928 sed

59 2956 172 3035 partes
192 2953 333 3037 legatas,
350 2974 427 3016 uam
448 2953 543 3018 ambo
559 2951 588 3017 si
602 2951 811 3036 vindicarent,
831 2975 905 3028 eam
917 2974 1075 3036 quemque

59 3042 161 3127 legati
184 3045 313 3125 partem
335 3041 537 3125 habiturum,
560 3063 658 3124 quam
682 3041 715 3105 iu
740 3061 834 3105 servo
858 3041 1001 3106 haberet.

382 3200 433 3266 De
454 3201 758 3266 manumissionibua

154 3326 182 3389 7.
213 3325 251 3389 D.
270 3324 323 3407 40,
342 3325 372 3409 9,
393 3325 421 3408 7,
442 3326 468 3389 1.
516 3324 662 3388 Iulianus
685 3325 769 3390 libro
793 3325 930 3390 secundo
955 3323 994 3387 ad
1017 3321 1079 3386 Ur-

66 3414 171 3478 seium
195 3413 349 3479 Ferocem
374 3412 423 3499 (P.
437 3412 527 3498 903).
549 3449 593 3462 -
617 3413 724 3478 Minor
747 3413 841 3479 annis
865 3411 983 3497 viginti
1006 3431 1079 3474 cum

134 3557 148 3604 1
170 3552 248 3608 Trib.
268 3553 303 3608 de
322 3551 398 3610 dote.
