2422 3976
281 198 302 254 1.
323 196 497 253 vaunnam
517 197 746 253 SENTENTIAE
765 199 812 252 ΕΤ
829 199 934 254 LIBRI.
1047 201 1113 266 513

49 370 51 385 ²
99 358 283 449 efficeretur
305 382 344 424 ex
368 360 549 425 addictione
578 383 619 425 au
644 361 816 429 adiudicati
839 363 911 428 loco
936 364 1111 429 const‘tue-

100 453 198 533 retur,
220 453 344 514 veteres
368 449 572 532 quaerebant.

189 538 243 604 38.
274 535 315 602 D.
337 537 389 620 41,
412 539 442 619 3,
465 539 517 603 38.
539 537 628 602 Idem
652 535 709 623 (sc.
730 537 845 624 Gaius)
871 541 955 605 libro
974 543 1111 608 secundo

101 625 221 691 Rarum
249 623 509 691 Cottidianarum
540 626 606 690 sive
628 625 814 692 Aureorum.
843 665 885 675 —
990 631 1113 696 abolita

103 719 149 779 est
176 764 211 781 ..
240 713 442 800 quorundam
479 718 623 779 veterum
663 717 822 780 sententia
860 719 1113 784 existimantium

104 804 199 868 ctiam
222 803 314 868 fundi
338 804 435 869 locive
459 803 581 868 furtum
603 805 680 867 fieri.

189 898 227 958 cf.
250 897 283 956 H
307 901 323 956 1
348 917 377 972 p.
403 899 475 956 383.

191 981 244 1047 39.
272 980 312 1045 D.
339 981 392 1060 47,
425 981 455 1065 2,
485 982 537 1065 67,
568 981 596 1044 2.
646 980 765 1046 Paulus
793 982 875 1046 libro
906 988 1041 1067 septimo
1071 986 1111 1050 ad

104 1069 275 1135 Plautium.
303 1105 346 1115 -
378 1067 462 1133 Eum
495 1070 550 1152 qui
583 1070 756 1134 mulionem
783 1071 857 1136 dolo
885 1074 970 1137 malo
999 1079 1033 1136 in
1061 1076 1112 1139 ius

105 1162 258 1241 vocasset,
277 1159 305 1221 si
324 1158 449 1221 interea
467 1159 574 1221 mulae
587 1158 756 1242 perissent,
774 1159 853 1223 furti
868 1163 970 1225 teneri
985 1165 1110 1228 veteres

104 1246 344 1332 responderunt.

189 1336 244 1400 40.
276 1334 316 1399 D.
349 1335 383 1417 9,
416 1335 449 1417 2,
481 1335 539 1418 27,
571 1337 623 1399 21.
677 1333 837 1419 Ulpianus
875 1337 957 1402 libro
996 1343 1111 1406 octavo

106 1423 226 1489 decimo
245 1422 286 1488 ad
305 1423 455 1487 adictum.
475 1459 514 1468 -
542 1422 575 1487 Si
600 1424 670 1508 quis
690 1424 728 1487 de
748 1447 845 1488 manu
865 1427 944 1489 mihi
961 1449 1111 1494 nummos

105 1511 292 1596 excusserit,
335 1510 473 1576 Sabinus
511 1513 672 1577 existimat
714 1513 823 1576 damni
863 1515 999 1580 iniuriae
1042 1539 1112 1582 esse

104 1603 272 1684 actionem,
300 1600 328 1664 si
355 1600 401 1665 ita
423 1601 586 1685 perierint,
613 1623 654 1665 ne
678 1601 718 1664 ad
742 1602 883 1685 aliquem
907 1605 1113 1686 pervenirent

49 1700 55 1721 ·'
199 1688 286 1774 quod
319 1690 347 1753 si
380 1690 419 1752 ad
452 1690 592 1773 aliquem
624 1696 851 1775 pervenerunt,
885 1714 946 1776 ope
975 1695 1111 1760 consilio

104 1778 225 1843 furtum
249 1777 371 1842 factum
395 1778 563 1862 agendum,
582 1779 666 1861 quod
690 1784 723 1842 et
746 1781 888 1864 antiquis
911 1783 1042 1864 placuit.

187 1867 241 1932 41.
278 1864 347 1930 Gai.
379 1868 412 1948 3,
448 1866 519 1931 196.
553 1905 594 1911 -
633 1916 667 1932 ..
695 1868 723 1932 si
752 1870 823 1952 quis
857 1870 1009 1934 utendam
1042 1894 1111 1938 rem

104 1955 261 2039 acceperit
297 1976 430 2038 eamque
466 1955 497 2018 in
532 1955 632 2019 alium
663 1979 757 2020 usum
784 1958 995 2042 transtulerit,
1031 1959 1111 2025 furti

104 2044 277 2129 obligatur,
308 2044 487 2108 veluti...
512 2044 540 2107 si
573 2045 642 2128 quis
676 2067 791 2128 equum
823 2047 972 2129 gestandi
1001 2050 1110 2130 gratia

103 2133 340 2198 commodatum
376 2132 504 2215 longius
542 2132 650 2216 aliquo
685 2134 822 2217 duxerit,
861 2135 947 2218 quod
983 2140 1109 2201 veteres

104 2222 298 2306 scripserunt
320 2220 359 2283 de
382 2242 419 2284 eo
444 2222 555 2303 quiin
578 2221 679 2285 aciem
701 2222 911 2304 perduxisset.

187 2310 241 2374 42.
265 2307 298 2374 C.
314 2311 343 2392 6,
358 2310 388 2392 2,
402 2310 454 2392 22,
471 2311 497 2373 1.
518 2309 726 2393 (lastinianus
737 2332 765 2374 a.
776 2310 864 2394 530.)
876 2348 915 2358 —
932 2361 957 2376 ..
973 2335 1108 2396 quaere-

103 2397 196 2465 batur
215 2398 300 2481 apud
320 2399 469 2481 antiquos
489 2399 597 2481 legum
617 2399 818 2482 interpretes,
837 2401 950 2483 siquis
966 2424 1109 2468 commo·
1193 2426 1197 2433 ·

101 2486 189 2552 davit
212 2487 270 2551 alii
292 2508 359 2550 rem
384 2486 424 2550 ad
446 2508 479 2551 se
498 2488 711 2570 pertinentem
730 2492 762 2552 et
780 2488 852 2570 ipsa
870 2510 921 2552 res
941 2491 1107 2555 subtracta

101 2580 156 2660 cat,
184 2598 225 2640 an
254 2575 331 2639 furti
359 2575 442 2639 actio
471 2576 623 2639 adversus
651 2575 753 2641 furem
780 2577 908 2641 institui
935 2579 1039 2660 possit
1064 2582 1105 2644 ab

101 2685 137 2729 eo
160 2664 310 2748 quirem
333 2665 484 2728 utendam
504 2665 635 2748 accepit.

187 2758 225 2817 of.
239 2757 255 2815 I
268 2778 297 2832 p.
314 2758 362 2817 98.

415 2858 464 2923 De
486 2859 644 2923 arboribus
666 2861 798 2925 criminis.

186 2964 241 3028 43.
264 2962 301 3029 D.
320 2965 372 3046 47,
398 2966 425 3048 7,
449 2965 469 3029 3
488 2988 532 3049 pr.
558 2964 716 3048 Ulpianus
733 2966 818 3030 libro
837 2965 1107 3052 quadragensimo

99 3052 238 3119 secundo
267 3052 307 3116 ad
335 3051 498 3117 Sabinum.
529 3091 571 3102 -
603 3053 712 3118 Vitem
741 3056 866 3119 arboris
890 3056 1106 3138 appellatione

98 3141 259 3207 contineri
281 3141 424 3224 plerique
447 3146 591 3207 veterum
615 3143 887 3207 existimavernut.

187 3235 224 3294 cf.
240 3233 305 3294 Gai.
319 3237 349 3313 4,
366 3239 416 3295 11.

459 3345 509 3410 De
532 3347 591 3428 lcpe
613 3347 752 3428 Aquilia.

186 3460 240 3526 44.
263 3461 303 3526 D.
325 3461 356 3545 9,
379 3461 410 3544 2,
434 3462 485 3545 11,
508 3462 538 3526 4.
560 3461 720 3545 Ulpianus
743 3463 826 3527 libro
850 3466 964 3526 octavo
983 3463 1106 3529 decimo

95 3549 137 3615 ad
163 3548 313 3615 edictum.
336 3587 380 3596 —
404 3549 438 3614 Si
465 3551 574 3632 plures
603 3551 727 3615 trabem
752 3551 923 3615 deiecerint
947 3556 979 3616 et
1001 3552 1104 3616 homi-

151 3662 249 3712 Iurispr.
265 3664 385 3704 antchadr.
399 3664 448 3704 roll.
464 3663 498 3705 ed.
512 3665 611 3707 Bremer.
632 3665 665 3720 11,
676 3669 694 3707 2.
871 3661 907 3708 33
