2460 3976
104 186 184 257 ,314
219 185 253 239 V.
271 182 421 239 NERVAE
440 182 487 238 ΕΤ
504 183 657 240 TRAIANI
674 182 782 239 ΤΕΜΡ.
800 183 896 239 IURIS
915 182 1094 241 CONSULTI

116 348 300 431 ostionem>
314 348 441 432 legatus
456 351 530 412 ante
546 348 667 413 aditam
679 347 892 413 hereditatem
903 347 992 414 Titio
1002 347 1124 414 furtum

113 437 202 503 fecit.
239 435 267 501 si
286 436 375 501 adita
392 436 570 502 hereditate
586 434 679 502 Seius
698 437 843 522 legatum
860 436 902 501 ad
916 459 951 502 se
964 438 1125 521 pertinere

112 525 266 607 voluerit,
293 525 374 590 furti
397 527 465 590 eius
490 526 573 590 servi
598 526 728 591 nomine
751 529 828 609 aget
851 547 924 591 cum
947 546 986 591 eo
1010 525 1126 606 Titius,

113 616 190 699 quia
203 634 315 697 nequa
338 616 423 698 tunc,
446 636 519 680 eum
543 614 663 679 faceret
684 613 818 695 furtum,
841 614 909 679 eius
927 613 1001 699 fuit,
1025 618 1067 698 et,
1090 621 1127 681 ut

112 703 251 769 maxime
279 703 351 786 quis
379 704 556 786 existimet,
584 703 612 767 si
640 724 750 768 servus
778 725 849 768 esse
876 703 1022 787 coeperit
1049 705 1126 787 eius,

111 793 163 857 cui
186 792 307 858 furtum
330 790 461 876 fecerat,
483 792 557 857 tolli
576 790 658 857 furti
676 791 846 876 actionem,
868 795 906 857 ut
923 813 982 857 nec
1002 792 1032 858 si
1051 774 1125 857 alid·

110 884 207 946 natus
227 881 280 963 sit,
299 881 352 965 agi
370 881 475 963 possit
493 902 531 947 eo
549 881 688 965 nomine,
707 902 748 945 ne
765 884 841 965 post
857 880 980 945 aditam
994 881 1124 966 quidem

110 970 324 1036 hereditatem
347 969 426 1035 Titii
454 968 560 1034 iactus
588 973 651 1048 est,
679 968 755 1053 quia
777 990 828 1053 ea,
856 990 939 1054 quae
961 969 1125 1055 legantur,

109 1063 198 1124 reeta
225 1059 279 1123 via
307 1057 348 1123 ab
377 1080 414 1123 eo
442 1057 495 1141 qui
525 1059 648 1141 legavit
676 1058 717 1122 ad
743 1080 816 1123 eum
839 1057 890 1123 eui
913 1058 1026 1143 legata
1049 1063 1125 1125 sunt

109 1150 290 1213 transeunt.

198 1241 315 1301 Neratii
337 1241 430 1300 verba
453 1259 472 1300 a
495 1239 676 1300 Triboniano
699 1240 883 1316 interpolata
904 1240 1059 1301 videntur.

217 1413 267 1478 De
288 1413 382 1478 solidi
402 1413 570 1496 capacitate
590 1413 671 1478 ieter
692 1413 796 1477 airum
817 1417 847 1477 et
866 1412 1017 1478 carmem?

198 1520 229 1584 3.
248 1518 348 1602 Dee,
356 1519 386 1602 5,
393 1520 424 1585 4.
460 1519 614 1585 Neratius
632 1520 714 1584 libro
728 1519 834 1602 primo
849 1517 1124 1588 Membrananma

112 1644 149 1653 -
170 1607 312 1691 Tempus
334 1608 522 1691 vacationis,
547 1608 631 1693 quod
655 1608 750 1672 datur
768 1609 814 1672 eis
833 1608 888 1692 qui
907 1607 954 1671 rei
972 1609 1124 1692 publicae

108 1718 206 1761 cause
231 1695 393 1774 afuerunt,
421 1718 486 1762 non
510 1719 549 1761 ex
571 1718 609 1762 eo
634 1696 684 1760 die
707 1696 940 1761 numerandum
964 1701 1029 1782 est,
1059 1719 1123 1783 qno

108 1784 180 1868 quis
200 1784 312 1848 abesse
332 1784 435 1869 desiit,
455 1784 509 1850 sed
529 1808 603 1850 cum
622 1785 761 1869 quodam
780 1785 964 1849 laxamento
979 1786 1123 1873 itineris3

106 1893 210 1956 neque
239 1871 324 1937 enim
351 1874 458 1938 minus
487 1874 600 1939 abesse
628 1874 675 1938 rei
701 1873 849 1957 publicae
873 1894 972 1938 causa
994 1875 1123 1941 intelle·

107 1960 231 2046 gendos
255 1965 314 2046 est,
336 1962 391 2046 qui
414 1962 440 2025 it
461 1961 519 2026 ad1
542 1964 709 2047 negotium
732 1963 785 2026 vel
809 1962 850 2026 ab
874 1983 912 2026 eo
936 1965 1122 2029 revertitur.

107 2051 135 2114 si
164 2051 236 2134 quis
264 2055 373 2115 tamen
398 2051 472 2135 plus
496 2053 582 2116 iusto
605 2054 763 2136 temporis
787 2055 843 2114 eut
864 2051 981 2115 itinere
1006 2058 1065 2118 aut
1087 2054 1121 2118 in

93 2140 213 2222 aliquo
227 2141 299 2205 loco
315 2145 531 2205 commoratus
547 2141 791 2223 consumpserit,
805 2140 852 2203 ita
866 2161 904 2203 ea
916 2140 1121 2230 (absentiat)

107 2228 349 2312 interpretanda
376 2229 446 2311 erit,
475 2234 511 2293 ut
538 2251 577 2293 ex
606 2251 643 2294 eo
671 2235 818 2313 tempore
846 2229 1029 2295 vacationis
1053 2231 1121 2296 dies

105 2318 239 2401 incipiat
271 2319 300 2382 ei
333 2318 453 2402 cedere,
485 2340 548 2401 quo
582 2318 645 2382 iter
682 2340 720 2382 ex
757 2317 925 2382 commodo
962 2341 1121 2406 peragere

104 2407 274 2489 potuisset.

195 2501 231 2560 ef.
245 2500 315 2578 Ulp.
331 2503 381 2578 15,
398 2503 425 2560 1.

401 2654 451 2719 De
467 2655 673 2737 pipnereticio
695 2656 822 2720 actione.

193 2762 223 2824 4.
251 2760 290 2825 Ι).
305 2761 402 2843 20,2,
416 2762 495 2844 4pr.
540 2759 692 2825 Neratius
720 2762 805 2826 libro
829 2761 934 2846 primo
958 2759 1121 2829 Membra·

104 2870 227 2913 narum.
245 2885 289 2894 —
307 2849 357 2914 Eo
381 2851 449 2913 iure
472 2850 601 2932 utimur,
624 2854 661 2913 ut
684 2871 766 2934 quae
788 2851 821 2914 in
839 2850 973 2934 praedia
993 2853 1119 2917 urbana

103 2936 236 3001 inducta
263 2938 356 3002 illata
385 2943 461 3002 sunt
488 2939 618 3022 pignori
646 2960 716 3002 esse
744 2938 931 3022 credantur,
963 2942 1060 3023 quasi
1088 2942 1119 3006 id

103 3025 200 3089 tacite
220 3028 414 3091 convenerit.
429 3027 476 3090 ''in
491 3027 619 3092 rusticis
633 3026 775 3112 praediis
790 3030 903 3092 contra
916 3028 1118 3096 observatur.

193 3114 222 3179 5.
246 3114 285 3180 D.
299 3116 376 3179 ibid·
391 3118 410 3196 ξ
427 3118 453 3180 1.
476 3152 514 3161 -
537 3114 672 3179 Stabula
690 3138 772 3199 quae
795 3138 862 3180 non
887 3121 963 3180 sunt
985 3118 1023 3182 in
1043 3141 1118 3184 oon·

103 3203 283 3268 tinentibus
314 3204 476 3287 aedificiis,
505 3226 640 3288 quorum
672 3205 877 3288 praediorum
911 3226 950 3268 ea
980 3227 1116 3273 numero

102 3291 252 3357 habenda
276 3294 351 3376 sint,
377 3292 518 3358 dubitari
542 3298 657 3376 potest.
706 3298 739 3356 et
762 3293 891 3377 quidem
915 3294 1116 3361 urbanorum

103 3380 172 3445 sine
196 3381 293 3446 dubio
318 3403 382 3446 non
407 3386 492 3460 sunt,
516 3404 588 3446 cum
612 3405 631 3446 a
654 3382 768 3447 ceteris
788 3382 942 3447 aedificiis
962 3389 1116 3468 separata

175 3560 189 3608 1
209 3555 256 3610 Fr.
275 3555 310 3610 ad
329 3555 367 3611 id.
