2422 3976
96 178 162 243 202
181 177 226 233 IV.
241 175 457 232 VESPASIANI
471 175 544 230 ΤΙΤΙ
558 175 755 233 DOMITIANI
769 176 876 233 TnMP.
891 176 990 235 IURIS
1006 177 1026 234 0

471 362 512 421 II.
540 363 731 438 Responsa.

181 487 227 545 Ea
248 489 368 546 tantum
391 486 446 546 hoo
469 487 533 546 loco
557 486 707 564 proposui,
731 505 806 563 quae
828 486 940 547 diserte
963 506 1028 564 resp

94 574 297 651 designantur.
353 594 533 654 quamquam
564 575 675 651 Pegasi
706 593 850 651 responsa
881 578 988 653 postea
1020 577 1028 634 l

93 664 205 723 traditu
233 682 296 722 esse
325 664 398 724 satis
426 667 563 740 apparet,
592 668 692 723 tomen
715 684 786 722 num
809 664 873 741 ipse
897 683 933 724 ea
955 665 989 723 in
1012 665 1028 723 l

94 753 256 829 redegerit,
280 752 418 830 cognosci
441 752 553 830 nequit.

384 930 431 989 Dc
453 930 629 989 Latinorum
650 930 811 989 bercddotc.

184 1052 210 1114 1.
235 1047 304 1113 Gai.
320 1050 350 1132 3,
364 1050 416 1131 63,
431 1049 482 1113 64.
510 1084 547 1095 -
574 1048 709 1133 ..Lupo
734 1054 766 1113 et
786 1047 893 1134 Largo
918 1050 1029 1114 consul

94 1142 224 1204 senatus
252 1138 389 1222 censuit,
416 1142 453 1201 ut
477 1138 565 1201 bona
587 1137 776 1202 Latinorum
800 1138 940 1221 primum
965 1138 1006 1202 ad

93 1228 300 1311 pertinerent,
317 1228 373 1310 qui
392 1249 446 1291 eos
465 1227 647 1311 liberasset,
667 1225 781 1290 deinde
801 1226 842 1290 ad
857 1226 977 1291 liberos
992 1249 1028 1292 eo

93 1338 159 1381 non
172 1316 362 1381 nominatim
376 1314 594 1397 exheredatos,
610 1315 658 1378 uti
673 1314 805 1398 quisque
819 1314 987 1398 proximus
1003 1336 1028 1380 es

92 1409 170 1469 tunc
198 1403 330 1488 antiquo
357 1402 428 1468 iure
453 1403 493 1467 ad
515 1403 648 1467 heredes
673 1425 797 1487 eorum,
824 1404 880 1487 qui
903 1404 1028 1469 liberast

93 1494 301 1578 pertinerent.
342 1515 406 1577 quo
435 1492 713 1556 senatusconsulto
743 1491 871 1575 quidam
895 1491 971 1575 <id>
997 1515 1028 1557 ec

93 1604 163 1646 esse
181 1585 312 1666 putent,
331 1587 367 1644 ut
384 1581 419 1644 in
436 1581 530 1645 bonis
545 1580 734 1646 Latinorum
753 1580 864 1645 eodem
882 1582 951 1645 iure
965 1585 1028 1645 utar

95 1692 157 1755 quo
184 1671 306 1735 utimur
333 1670 368 1733 in
393 1669 572 1734 hereditate
596 1668 713 1734 civium
737 1668 958 1734 Romanorum
981 1670 1026 1736 lib

93 1780 222 1823 norum.
268 1758 364 1842 idque
388 1758 527 1822 maxime
551 1757 676 1843 Pegaso
700 1758 829 1842 placuit.

183 1869 275 1930 Gaius
298 1869 394 1928 addit:
422 1865 511 1946 ‘quae
534 1867 682 1928 sententia
705 1872 809 1944 aperte
833 1869 910 1928 salsa
934 1873 988 1929 est

94 1959 168 2019 civis
198 1958 326 2019 Romani
361 1958 464 2018 liberti
499 1957 651 2017 hereditas
683 1976 846 2032 numquam
878 1958 916 2016 ad
948 1960 1028 2017 extra

94 2049 214 2124 patroni
246 2047 369 2107 heredes
398 2047 543 2123 pertinet,
571 2046 649 2106 bona
677 2049 778 2104 autem
805 2046 983 2106 Latinorum
1011 2064 1025 2104 e

95 2156 130 2195 er
152 2138 208 2196 hoo
231 2136 296 2212 ipso
316 2135 575 2196 senatusconsulto
594 2153 653 2194 non
672 2134 862 2194 obstantibus
881 2134 983 2194 liberis
1000 2155 1027 2192 m

95 2225 228 2285 missoris
252 2225 342 2284 etiam
367 2225 405 2283 ad
428 2227 585 2284 extraneos
608 2224 731 2282 heredes
755 2218 925 2298 pertinent?

402 2403 449 2460 De
470 2402 633 2460 berediiatis
650 2401 794 2474 petiliane.

182 2524 211 2588 2.
248 2522 286 2586 D.
306 2521 336 2598 5,
354 2521 384 2601 4,
407 2522 433 2602 l,
454 2521 482 2585 3.
539 2517 697 2604 Ulpianus
734 2519 818 2583 libro
855 2519 969 2603 quinto
980 2514 1023 2602 (l)

94 2612 233 2676 edIotum
256 2606 305 2695 (P.
320 2605 410 2694 538).
431 2645 468 2655 —
491 2605 525 2671 si
548 2628 608 2692 ego
632 2631 670 2672 ex
692 2611 785 2692 parte
809 2629 860 2672 me
884 2605 1028 2672 dicamh

94 2700 179 2783 dem,
207 2698 338 2764 coheres
362 2702 466 2761 autem
494 2719 583 2760 meus
606 2697 770 2780 possideat
792 2695 1002 2760 hereditatem
1023 2717 1028 2755 c

94 2791 257 2870 extraneo,
290 2808 362 2851 cum
394 2808 459 2850 non
491 2786 565 2869 plus
594 2785 724 2850 coheres
753 2784 887 2849 haberet
916 2807 975 2849 sua
1000 2804 1028 2866 pr

95 2879 203 2939 utrum
228 2897 246 2938 a
270 2875 339 2939 solo
363 2878 513 2938 extraneo
538 2897 578 2937 an
597 2896 672 2937 vero
692 2876 724 2937 ct
743 2896 762 2937 a
781 2873 935 2938 coherede
955 2873 1028 2937 debe

97 2966 204 3047 petere
223 2962 442 3046 hereditatem,
462 2963 633 3045 quaeritur.
667 2966 699 3026 et
712 2960 856 3046 Pegasus
876 2963 979 3026 fertur
993 2982 1026 3024 ex

94 3073 199 3116 masse
228 3074 246 3115 a
275 3053 344 3117 solo
374 3055 526 3116 extraneo
553 3072 603 3114 me
626 3057 734 3134 petere
758 3050 872 3114 debere
897 3070 1028 3134 eumque

95 3141 286 3206 stituturum
310 3140 461 3225 quidquid
484 3139 638 3223 possidet.

508 3323 555 3381 Dc
577 3323 686 3396 Icpotc's.

183 3446 212 3509 3.
237 3442 276 3507 D.
293 3444 321 3520 7,
338 3443 369 3519 1,
387 3442 440 3521 12,
454 3443 483 3505 2.
525 3441 684 3523 Ulpianus
701 3428 789 3504 ‘libro
814 3441 952 3524 septimo
976 3439 1029 3502 dec

95 3531 133 3595 ad
154 3530 310 3596 Sabinum
329 3528 379 3615 (P.
394 3526 503 3615 2572).
532 3567 569 3577 -
596 3529 861 3594 Usufructuarius
880 3529 933 3593 vel
952 3530 1018 3612 ipse
