2422 3976
230 170 255 219 6.
274 162 514 221 PUTEOLANUS
532 195 568 206 -
588 172 611 221 7.
631 164 827 221 GAMPANUS
970 166 1035 232 239

69 325 135 416 ris),
162 329 230 395 sive
256 330 286 394 ei
309 329 461 395 mandavi
483 333 520 395 ut
541 329 771 412 pacisceretur,
800 329 867 394 rive
891 332 1035 396 omnium

69 439 131 482 rum
153 440 301 485 mearum
321 422 512 502 procurator
530 419 607 502 fuit,
630 424 666 483 ut
685 422 717 483 et
735 417 932 485 Puteolanos
951 420 1035 485 libro

69 507 130 572 imo
153 506 422 573 Adsessoriorum
446 507 573 592 scribit,
596 528 668 572 cum
694 507 819 592 placuit
841 529 914 572 eum
937 508 1035 574 etiam

68 616 96 660 m
116 597 150 660 in
172 595 330 662 iudicium
352 596 516 662 deducere.

449 776 609 784 ————

372 895 411 978 7.
439 901 695 975 CAMPANUS

114 1045 342 1106 iurisconsultus
370 1065 387 1104 e
410 1046 575 1122 Pomponio
604 1050 635 1106 et
657 1046 785 1105 Valente
808 1045 957 1126 laudatus,
985 1047 1036 1123 qui

69 1133 156 1214 elego
182 1135 271 1194 Aelia
298 1134 403 1194 Sentis
434 1135 510 1195 dixit
542 1140 572 1195 et
603 1135 689 1195 libris
721 1134 883 1195 scribendis
914 1155 1035 1212 operam

69 1219 121 1296 dit,
150 1227 283 1284 ceterum
305 1223 392 1283 nobis
415 1225 551 1301 ignotus,
576 1225 627 1283 sed
651 1222 829 1300 capuensis,
852 1227 888 1283 ut
910 1227 1037 1301 apparet

69 1311 178 1393 iprimi,
201 1315 237 1372 ut
258 1311 391 1388 videtur,
414 1312 534 1374 saeculi.

249 1482 691 1572 Fideicommissorum(?)
715 1490 815 1551 libri.

117 1612 190 1674 Cum
217 1615 387 1692 fragmenta
414 1633 450 1673 ex
473 1613 616 1692 Campani
641 1615 726 1674 libris
749 1617 870 1675 servata
892 1614 931 1673 cd
953 1615 1035 1675 fidei·

69 1702 181 1763 »unisse
207 1704 393 1783 pertineant,
420 1704 457 1762 de
485 1705 542 1763 hac
569 1722 601 1762 re
630 1722 698 1763 eum
724 1703 875 1780 scripsisse
899 1704 1036 1764 conicias.

187 1857 238 1923 De
261 1857 398 1924 libertate
414 1878 474 1941 per
495 1859 764 1940 fideicommissum
787 1860 871 1924 doto.

117 1967 143 2030 1.
171 1963 211 2031 D.
229 1965 281 2049 40,
301 1965 332 2048 5,
346 1966 398 2048 34,
414 1967 442 2030 1.
480 1963 678 2048 Pomponius
704 1966 788 2031 libro
811 1966 909 2030 tertio
932 1965 1035 2030 Fidei·
1125 1998 1128 2004 ·

69 2053 269 2119 mmissorum
301 2051 351 2141 (P.
370 2051 460 2141 217).
487 2091 532 2102 —
559 2052 744 2137 Campanus
777 2055 837 2137 ait,
870 2056 898 2118 si
930 2055 1035 2119 minor

69 2141 121 2207 uris
144 2142 262 2228 viginti
284 2143 449 2227 rogaverit
470 2143 634 2223 heredem,
657 2147 694 2207 ut
715 2144 884 2229 proprium
908 2164 1035 2208 servum

69 2231 248 2316 anumittut,
275 2231 504 2315 praestandam
533 2232 562 2296 ei
585 2233 782 2310 libertatem,
810 2233 886 2316 quia
908 2232 962 2295 hic
985 2232 1036 2295 lex

69 2318 120 2384 elia
143 2317 253 2384 Sentis
276 2320 383 2384 locum
406 2320 601 2386 nonhabet.

112 2414 149 2474 ef.
177 2413 242 2474 Gai.
267 2416 296 2492 2,
321 2416 393 2474 249.
449 2408 561 2473 ‘Verba
579 2460 586 2473 .
606 2460 612 2473 .
632 2414 930 2474 fideicommissorum
962 2413 1036 2472 haee

69 2502 151 2562 [xime
173 2503 206 2561 in
228 2521 285 2561 usu
309 2521 374 2562 esse
396 2503 549 2562 videntur:
572 2507 651 2578 peto,
676 2521 749 2578 rogo
764 2551 770 2562 .
787 2549 793 2561 .
809 2496 828 2562 .'
876 2504 904 2579 2,
921 2503 1035 2579 263sq.

69 2589 161 2652 bertas
195 2608 313 2668 quoque
347 2609 432 2651 servo
465 2610 519 2667 per
545 2592 807 2652 fideicommissum
836 2591 901 2649 dari
928 2593 1036 2667 potest,

76 2680 205 2740 ..heres
228 2682 353 2758 rogetur
373 2681 586 2740 manumittere
602 2728 607 2740 .
623 2729 629 2742 .
644 2699 699 2740 nee
718 2680 854 2758 interest,
877 2683 981 2739 utrum
999 2680 1035 2739 de

69 2785 80 2826 o
105 2768 228 2845 proprio
261 2787 346 2831 servo
377 2771 505 2829 testator
532 2772 631 2849 roget,
665 2789 703 2828 an
734 2768 770 2827 de
799 2787 833 2827 eo
861 2769 913 2846 qui
940 2769 1036 2845 ipsius

69 2857 141 2918 redis
160 2905 166 2918 .
187 2851 293 2917 ..sit'.

113 2943 143 3007 2.
175 2941 216 3006 Ι).
235 2941 288 3026 38,
308 2942 336 3023 1,
354 2941 406 3006 47.
455 2939 544 3005 Idem
577 2938 634 3028 (sc.
657 2939 793 3026 Valens)
826 2941 911 3006 libro
944 2946 1035 3006 sexto

69 3028 363 3096 deicommissorum
391 3026 440 3119 (P.
458 3030 525 3114 20).
552 3067 590 3076 —
620 3028 804 3114 Campanus
832 3031 944 3095 scribit
970 3053 1036 3094 non

69 3117 139 3183 bere
158 3122 343 3202 praetorem
361 3121 432 3203 peti
451 3119 569 3184 donum
588 3140 704 3183 munus
724 3141 839 3202 operas
858 3119 983 3204 imponi
997 3119 1037 3200 ei,

69 3206 83 3270 i
100 3229 138 3272 ex
157 3207 401 3272 fideicommissi
420 3230 516 3273 causa
535 3208 791 3274 manumittatur.
833 3209 887 3272 sed
908 3209 944 3289 si,
963 3228 1036 3270 oum

69 3294 121 3361 iret
143 3316 241 3380 posse
261 3317 295 3361 se
314 3295 347 3360 id
365 3319 522 3380 recusare,
545 3297 686 3382 obligari
705 3319 738 3362 se
757 3318 873 3380 passus
893 3297 945 3379 sit,
967 3316 1034 3358 nou

69 3382 236 3450 bibendam
255 3406 425 3468 operarum
444 3385 646 3471 petitionem,
660 3385 737 3470 quia
752 3388 887 3450 donasse
904 3383 1036 3447 videtur.
