2422 3976
150 187 216 252 354
252 185 285 240 V.
305 183 454 240 NERVAE
473 184 520 240 ΕΤ
541 182 693 239 TRAIANI
712 182 820 239 ΤΕΜΡ.
839 182 935 239 IURIS
954 181 1134 239 CONSULTI

239 354 364 414 Pernice
392 354 519 413 fortasse
548 353 583 412 de
614 352 688 412 iuris
721 351 799 412 sacri
831 352 966 430 collegiis
998 371 1165 413 sermonem

151 462 216 504 esse
250 443 370 520 egregie
402 443 512 502 conicit
538 461 601 520 arg.
625 442 683 518 leg.
711 440 817 502 Genet.
840 459 864 501 c.
894 443 950 502 67:
984 435 1073 501 ‘neve
1100 443 1165 519 quis

151 550 240 609 quem
266 532 299 590 in
321 531 491 609 conlegium
513 530 688 607 pontificum
709 531 814 607 kapito
839 529 990 608 sublegito
1024 534 1163 608 cooptato

149 621 208 679 nisi
230 623 303 680 tunc
326 638 395 680 cum
413 620 512 679 minus
531 619 627 679 tribus
646 618 837 696 pontificibus
857 638 892 679 ex
910 619 948 678 iis
966 619 1020 697 qui
1034 620 1164 680 coloniae

152 707 314 770 Genetivae
338 702 541 768 conterunt?

498 878 548 944 De
568 880 696 963 negotiis
715 882 816 963 pestis.

240 985 293 1052 65.
324 986 364 1051 Ι).
382 987 414 1072 3,
431 986 461 1068 5,
482 987 532 1050 17.
580 985 700 1051 Paulus
731 986 816 1052 libro
843 1008 928 1053 nono
957 986 998 1053 ad
1028 987 1163 1053 edictum

152 1074 201 1161 (P.
217 1072 303 1162 190).
329 1112 367 1121 -
394 1074 550 1140 Proculus
578 1080 611 1139 et
638 1075 783 1161 Pegasus
812 1077 931 1141 bonam
959 1075 1058 1141 fidem
1086 1098 1164 1162 eum,

152 1165 208 1248 qui
230 1164 265 1228 in
288 1165 443 1229 servitute
467 1184 577 1249 gerere
601 1163 715 1248 coepit,
737 1168 903 1248 praestare
926 1164 1045 1230 debere
1065 1165 1164 1250 aiunt,

153 1253 289 1338 ideoque
305 1258 471 1336 quantum,
489 1253 614 1318 elalius
629 1253 698 1317 eius
712 1253 845 1337 negotia
860 1253 1025 1338 gessisset,
1040 1275 1164 1320 servare

151 1342 323 1426 potuisset,
347 1346 475 1406 tantum
498 1363 581 1427 eum,
605 1341 661 1425 qui
681 1364 702 1406 u
719 1348 822 1407 semet
839 1343 910 1426 ipso
928 1364 996 1407 non
1015 1343 1164 1428 exegerit,

152 1431 359 1516 negotiorum
383 1434 550 1514 gestorum
573 1431 699 1496 actione
722 1436 972 1514 praestaturum,
991 1433 1025 1496 *si
1047 1431 1162 1516 aliquid

151 1519 269 1585 habuit
292 1519 327 1583 in
350 1519 490 1604 peculio,
512 1519 603 1584 cuius
626 1520 807 1584 retentione
829 1519 862 1584 id
886 1521 1009 1586 servari
1033 1519 1163 1606 potuit&

150 1608 236 1672 idem
258 1607 422 1674 Neratius.

187 1785 242 1850 Er
263 1784 374 1867 016611
395 1785 498 1851 coccis
520 1786 652 1851 macres
674 1785 782 1852 XXV
800 1787 895 1852 11011
916 1787 952 1852 ia
974 1788 1129 1871 integrum

551 1875 764 1940 restituuntur.

242 1982 293 2046 66.
321 1979 360 2044 D.
374 1982 405 2061 4,
420 1983 450 2063 6,
467 1981 516 2063 15,
531 1983 560 2046 3.
605 1979 766 2064 Ulpianus
794 1982 877 2046 libro
906 1981 1098 2047 duodecimo
1126 1981 1161 2046 ad

153 2070 294 2136 edictum
312 2067 363 2154 (P.
372 2067 461 2156 431).
483 2107 520 2116 —
542 2119 566 2133 ..
591 2069 677 2152 quod
700 2071 889 2155 simpliciter
911 2075 1046 2155 praetor
1069 2071 1161 2136 edixit

153 2156 330 2243 ‘postcave'
349 2159 395 2223 ita
414 2158 635 2241 accipiendum
654 2164 712 2242 est,
731 2164 777 2243 ut,
796 2159 824 2223 si
838 2156 992 2224 inchoata
1007 2160 1052 2224 sit
1064 2161 1159 2225 bonae

152 2248 226 2312 fidei
262 2248 459 2331 possessoris
492 2247 670 2313 detentatio
704 2253 777 2312 ante
812 2248 1039 2331 [absentiam],
1076 2249 1160 2312 finite

153 2343 261 2402 autem
293 2358 435 2418 reverso,
467 2336 684 2400 restitutionis
718 2337 873 2401 auxilium
905 2337 1014 2401 locum
1047 2337 1159 2402 habeat

152 2449 217 2490 non
250 2425 455 2510 quandoque,
487 2424 543 2489 sed
574 2426 622 2489 ita
653 2425 794 2508 demum,
827 2425 855 2489 si
887 2426 974 2490 intra
1006 2427 1158 2491 modicum

152 2524 279 2598 tempus
299 2537 396 2598 quam
416 2513 512 2577 rediit
531 2512 592 2579 hoc
611 2513 756 2597 contigit,
775 2514 808 2578 id
827 2520 877 2578 est
895 2513 972 2578 dum
989 2515 1156 2600 hospitium

153 2604 226 2687 quis
246 2603 404 2685 conducit,
423 2602 600 2667 sarcinulas
620 2603 794 2686 componit,
815 2603 943 2686 quaerit
959 2604 1157 2682 advocatum,

152 2714 228 2755 nam
253 2714 339 2776 eum,
365 2692 421 2775 qui
444 2691 550 2755 differt
573 2692 828 2773 restitutionem,
852 2713 918 2756 non
942 2713 1015 2757 esse
1039 2693 1155 2757 audien·

153 2779 229 2843 dum
252 2779 407 2845 Neratius
431 2780 551 2844 scribit.

441 2955 491 3021 De
512 2957 677 3022 noualibus
700 2957 876 3022 potionatus.

244 3062 294 3125 67.
318 3061 357 3127 D.
368 3064 396 3144 9,
407 3065 438 3142 4,
448 3065 500 3147 21,
511 3064 540 3128 6.
581 3061 742 3146 Ulpianus
767 3063 849 3128 libro
872 3062 1051 3129 vicensimo
1070 3062 1156 3128 tertio
1201 3126 1203 3135 ,

155 3150 195 3214 ad
223 3151 361 3215 edictum
386 3150 435 3236 (P.
450 3150 538 3239 681).
564 3189 602 3198 -
630 3150 664 3216 Si
691 3152 914 3216 iusiurandum
942 3157 1053 3239 exegit
1078 3156 1155 3217 actor

154 3261 290 3324 reusque
318 3241 437 3304 iuravit
466 3240 522 3326 (so.
551 3242 584 3305 in
613 3263 671 3304 sua
698 3245 861 3322 potestate
890 3262 1020 3306 servum
1046 3259 1154 3306 senon
1200 3282 1203 3313 ,

154 3327 301 3413 habere),
335 3328 448 3392 deiude
481 3336 595 3412 postea
631 3330 741 3394 noxali
776 3329 854 3394 velit
892 3333 984 3395 10601
1021 3326 1155 3414 experiri,

154 3416 326 3480 videndum
346 3420 464 3499 016111
484 3419 629 3502 exceptio
649 3417 859 3482 iurisiurandi
876 3418 995 3484 debeat
1014 3420 1153 3485 adversos
1201 3418 1203 3423 '

227 3562 240 3607 1
262 3555 308 3609 ΡΙ.
326 3557 427 3623 potest
