2422 3976
97 194 162 258 112
179 193 226 250 ΙΠ.
236 193 313 250 san
323 191 471 249 CLAUDII
479 189 616 248 unitor.
624 190 771 246 GALBAE
781 192 889 249 TEMP.
900 191 998 250 iuius
1008 192 1113 251 GONS.

96 363 170 424 emit
194 364 294 422 lecum
317 361 497 421 Sabatenem
518 361 721 437 Angulnrium
748 364 780 420 et
807 361 886 422 ciros
913 381 986 422 eum
1011 362 1112 423 lecum

94 452 185 529 pedes
213 446 350 529 decem’).
395 450 448 526 qui
475 449 636 510 Proculum
661 451 869 519 consulebant.
897 451 947 512 vel
974 452 1109 527 priorum

94 540 372 601 iurisconsultorum
395 539 558 599 sententias
581 539 748 599 afferebant
771 531 822 621 (D.
838 541 890 616 28,
909 541 939 613 5,
961 541 1004 600 70
1028 534 1109 600 ‘Dor-

94 630 193 689 nelius
213 632 243 688 et
260 629 404 704 Maeuius,
426 630 497 687 uter
514 647 618 687 eorum
635 628 727 706 volet,
748 628 836 688 heres
855 621 941 688 estu'
984 631 1111 708 uterque

94 719 162 779 vult
176 763 182 776 .
198 717 356 777 Trebatius
373 719 518 777 neutrum
533 717 596 776 fore
610 717 759 794 heredem,
778 715 922 777 Curtilius
936 719 1109 796 utrumque:

95 812 131 867 tu
150 808 201 866 oui
217 797 444 886 adsentiaris'?)
461 807 511 865 vel
529 805 602 881 quid
618 805 677 882 ipsi
691 805 727 864 de
741 824 773 864 re
787 806 943 882 proposita
956 806 1108 880 sentirent

96 896 234 956 dicebant
258 890 308 971 (D.
328 898 357 973 8,
378 897 406 971 2,
427 897 482 968 13,
513 894 567 953 ubi
593 895 686 954 verba
713 913 804 971 supra
826 895 921 954 allata
943 898 1110 972 sequuntur

96 986 181 1045 haee:
201 979 272 1043 ‘non
290 984 361 1044 lieet
379 987 482 1043 autem
499 983 622 1042 tubulos
638 983 749 1043 habere
763 983 899 1043 admotos
914 983 953 1042 ad
966 985 1108 1060 parietem

96 1092 301 1146 communem,
335 1073 424 1132 sicuti
455 1091 493 1132 ne
524 1072 671 1148 parietem
701 1072 820 1148 quidem
847 1088 938 1149 super
965 1073 1108 1149 parietem

96 1182 296 1239 communem,
320 1162 356 1222 de
378 1162 492 1220 tubulis
511 1180 545 1220 eo
565 1161 695 1237 amplius
714 1161 770 1221 hoc
787 1161 863 1220 iuris
882 1164 937 1238 est,
961 1163 1043 1239 quod
1059 1179 1108 1239 per
1144 1216 1146 1237 ,

96 1271 147 1311 eos
170 1252 292 1310 flamma
314 1253 447 1310 torretur
468 1240 605 1329 paries’).
645 1269 700 1324 per
722 1250 841 1309 litteras
864 1250 1021 1311 consultus
1039 1250 1106 1311 Pro·

96 1341 180 1400 culus
208 1340 319 1399 litteris
347 1339 548 1414 respondebat
575 1332 625 1419 (D.
646 1341 697 1398 31.
716 1340 758 1398 48
787 1332 953 1398 ‘Licinuius
978 1339 1106 1399 Lucusta

95 1429 221 1490 Proculo
244 1446 298 1487 suo
322 1429 457 1488 salutem.
540 1427 685 1486 Proculus
703 1426 854 1488 Lucustae
872 1447 926 1487 suo
946 1419 1104 1509 salutem’l

185 1515 359 1577 Triboniani
369 1535 440 1576 vero
450 1517 571 1576 adiutor
580 1516 737 1594 plerasque
747 1516 892 1592 epistulas
906 1535 968 1576 non
978 1517 1105 1596 integros

98 1606 258 1683 expressit,
295 1607 347 1664 sed
378 1607 499 1664 tantum
529 1608 661 1681 partem,
692 1604 828 1680 inprimis
856 1606 924 1682 ipsa
955 1624 1103 1684 responsa

96 1695 264 1769 exemplum
281 1693 375 1753 habes
391 1693 569 1771 D.23,3,67
585 1687 741 1753 ‘Proculus
755 1693 866 1770 Nepoti
885 1713 940 1754 suo
959 1684 1103 1755 salutom'.

96 1801 164 1841 cum
182 1801 358 1857 responsum
376 1785 496 1841 tanturn
515 1781 661 1860 redditur,
680 1783 825 1842 salutatio
844 1802 964 1860 quoque
980 1784 1103 1860 plerum·

96 1890 154 1948 que
187 1871 286 1931 deleta
318 1876 365 1930 est
394 1917 400 1930 .
429 1872 564 1947 exempla
594 1871 687 1931 habes
719 1872 756 1931 D.
777 1874 829 1945 49,
852 1874 903 1950 15,
927 1876 1002 1948 lpr.
1033 1867 1102 1932 ‘Nor

96 1959 202 2020 dubito
231 1960 303 2036 quin
327 1954 391 2019 ...’
419 1960 455 2019 D.
471 1962 523 2037 32,
538 1962 579 2020 86
604 1954 649 2018 ‘Si
675 1961 721 2019 ita
746 1960 881 2037 legatum
906 1964 954 2021 eet
1050 1978 1102 2020 nou

96 2051 171 2125 puto
195 2043 272 2125 ...’,
299 2049 334 2108 D.
351 2051 403 2127 31,
417 2051 458 2109 46
484 2043 530 2108 ‘Si
558 2048 726 2125 scripsisset
753 2049 804 2127 qui
830 2049 954 2127 legabat
1051 2065 1101 2109 nou

97 2137 266 2196 dubitarem
291 2184 297 2196 .
313 2183 319 2196 .
334 2131 354 2197 .'

185 2227 217 2285 In
252 2226 318 2285 aliis
349 2226 452 2286 multis
479 2225 655 2304 fragmentis
683 2226 813 2304 genuina
840 2227 988 2303 epistulae
1013 2227 1100 2287 forma

97 2316 171 2374 adeo
194 2315 293 2374 deleta
316 2320 374 2391 est,
397 2318 433 2374 ut
456 2319 486 2375 et
509 2314 689 2374 consultatio
713 2319 744 2373 et
766 2333 942 2391 responsum
966 2317 997 2374 in
1020 2318 1098 2375 breve

97 2407 232 2463 coactum
252 2404 300 2479 sit,
324 2405 407 2462 cuius
426 2405 469 2463 rei
488 2404 656 2478 exemplum
674 2404 800 2480 praebet
818 2404 854 2462 D.
869 2406 899 2480 4,
916 2407 944 2477 3,
961 2407 1001 2465 31
1025 2398 1099 2463 ‘cum

97 2493 163 2570 quis
186 2494 370 2569 persuaserit
392 2493 525 2551 familiae
548 2510 638 2565 meae,
662 2496 698 2552 ut
717 2493 753 2551 de
772 2493 959 2568 possessione
979 2492 1099 2564 decedat

97 2583 244 2657 possessio
265 2582 387 2658 quidem
404 2600 464 2640 non
482 2581 641 2657 amittitur,
661 2580 712 2640 sed
732 2581 768 2640 de
787 2581 856 2641 dolo
875 2582 954 2641 malo
968 2581 1098 2641 iudicium

96 2669 127 2727 in
155 2690 224 2729 eum
251 2671 407 2746 competit,
435 2671 460 2729 si
488 2670 559 2747 quid
585 2669 685 2728 damni
708 2669 782 2728 mihi
806 2665 988 2732 accesserit'.
1032 2670 1099 2730 eius·

97 2759 176 2817 modi
207 2759 444 2836 fragmentorum
471 2759 603 2819 condicio
632 2759 805 2818 Triboniani
836 2758 984 2819 adiutoris
1010 2756 1099 2837 negle
1125 2796 1131 2806 ·

97 2847 200 2921 gentis
209 2866 420 2923 nonnunquam
430 2848 599 2906 miserrima
612 2853 667 2924 est,
680 2847 821 2907 velutiD.
831 2850 882 2923 34,
891 2850 919 2918 2,
930 2850 970 2906 11
988 2842 1032 2907 ‘si
1044 2845 1100 2925 quis

96 2935 244 3010 legaverit
280 2955 386 2996 aurum
422 2955 555 3014 gemmas
588 2936 769 3012 margaritas
801 2956 877 3011 quae
908 2936 941 2995 in
972 2956 1007 2997 eo
1038 2950 1101 2995 auro

97 3027 209 3099 essent,
238 3026 328 3084 etiam
355 3026 386 3085 id
414 3045 534 3101 aurum,
562 3026 610 3083 cui
634 3044 732 3100 neque
755 3032 890 3102 gemmae
912 3044 1011 3102 neque
1033 3040 1101 3084 mar·

97 3113 213 3190 garitae
240 3115 380 3192 inessent,
408 3115 523 3189 legasse
547 3108 688 3190 videtur’,
721 3116 752 3173 et
775 3133 843 3172 eum
866 3114 939 3191 quid
957 3115 1021 3190 ipse
1039 3112 1101 3172 Pro·

99 3202 185 3260 culus
208 3202 300 3282 dicat,
324 3204 500 3279 plerumque
523 3222 560 3262 ne
583 3202 710 3261 divinari
734 3202 854 3278 quidem
877 3203 989 3280 possit,
1011 3203 1043 3262 in
1063 3201 1102 3261 bis

97 3290 275 3368 fragmentis
299 3291 470 3366 repetendis
493 3291 741 3367 acquiescendum
764 3294 818 3351 est.

187 3379 310 3439 Certum
341 3399 441 3439 rerum
474 3380 609 3439 ordinem
640 3380 671 3438 in
697 3379 906 3456 Epistularum
938 3380 1025 3441 libris
1050 3395 1103 3440 non

97 3467 225 3527 inveniri
257 3468 314 3529 viri
344 3469 424 3528 docti
451 3473 581 3529 monent.
631 3469 769 3546 Krueger
795 3489 824 3545 p.
846 3471 919 3530 153.
965 3464 1104 3529 Lenelll

98 3557 152 3614 col.
170 3558 231 3616 159
251 3577 278 3616 n.
295 3560 325 3616 2.
370 3557 502 3634 singulos
525 3557 620 3635 igitur
642 3557 735 3617 libros
760 3576 894 3618 seorsum
918 3561 951 3617 et
973 3559 1104 3634 deinceps
