2422 3976
370 182 395 232 4.
421 177 452 232 L.
471 170 653 232 NERATHJS
671 174 819 232 PRISOUS
1033 176 1099 240 329

116 333 170 404 dere
194 339 341 419 eredidit,
368 338 456 405 filius
485 340 553 405 eius
581 361 650 405 esse
678 339 741 406 diei
769 341 887 425 eoepit3
918 362 994 405 nam
1022 341 1101 426 eius,

115 426 155 523 ⁸qui
179 427 328 515 adgnitus
361 433 411 494 est
446 429 487 495 ab
521 451 574 512 eo,
604 428 643 493 de
677 430 768 494 ouius
800 430 895 494 bonis
927 429 1101 514 quaeritur,

66 602 71 611 .
113 515 204 583 ustior
224 519 259 583 in
283 538 321 583 ea
345 539 379 582 re
403 539 500 582 eausa
523 523 574 582 est
596 540 692 603 quam
715 519 869 602 postumi.

179 624 229 690 52.
251 622 292 689 D.
302 622 334 706 5,
342 625 374 710 3,
389 625 441 709 13,
454 624 485 689 3.
521 623 612 689 Idem
627 624 685 707 (se.
696 623 872 711 Ulpianus)
886 624 969 691 libro
986 625 1099 710 quinto

113 704 211 778 deeimo
239 713 280 778 ad
309 713 449 779 edictum
472 709 525 800 (P.
542 709 633 800 512).
660 749 697 760 —
723 711 877 778 Neratius
900 713 984 778 libro
1009 719 1100 779 sexto

113 788 352 868 hembrunarum
369 801 484 868 scribit
497 802 538 866 ab
553 802 671 866 herede
685 803 754 886 peti
768 801 981 867 hereditatem
995 823 1100 887 posse,

114 885 217 956 etiamsi
230 892 361 976 ignoret
374 912 433 976 pro
448 891 564 954 herede
578 891 630 955 vel
643 913 704 974 pro
718 912 903 975 possessore
914 889 1101 956 defunctum

114 980 281 1053 possedisse.

310 1138 363 1205 De
383 1140 573 1221 adquirendo
594 1159 700 1204 rerum
720 1138 880 1205 dominio?

181 1254 231 1322 53
260 1251 299 1320 D.
317 1253 371 1333 39,
390 1255 420 1339 2,
437 1254 490 1319 47.
536 1251 690 1319 Neratius
718 1253 802 1319 libro
830 1261 919 1320 sexto
943 1254 1103 1320 Membra·

111 1351 214 1410 numm.
246 1380 284 1390 -
315 1342 406 1420 Quod
436 1343 589 1409 eonelave
617 1342 767 1408 binarum
796 1343 924 1408 aedium
953 1343 1102 1410 dominus

111 1442 140 1492 ex
155 1431 223 1498 aliis
243 1431 377 1498 aedibus
396 1431 431 1497 in
450 1432 589 1497 aliarum
606 1454 703 1498 usum
721 1433 892 1517 convertit,
912 1454 978 1498 non
998 1434 1103 1499 solum

111 1515 132 1578 ti
153 1521 364 1608 contignatio,
392 1543 456 1605 qua
483 1520 516 1585 id
545 1521 771 1605 sustinebitur,
799 1521 919 1586 orietur
946 1543 984 1586 ex
1010 1529 1128 1606 parte·

109 1622 201 1675 earum
221 1609 359 1695 aedium,
378 1610 411 1674 in
431 1631 567 1694 quarum
585 1632 678 1674 usum
698 1631 888 1675 conversum
902 1611 973 1694 erit,
992 1632 1104 1676 earum

106 1691 164 1783 det,
191 1698 246 1763 sed
275 1699 375 1763 etiam
403 1699 431 1763 si
458 1702 645 1764 transversa
668 1699 869 1782 contignatio
893 1703 965 1765 tota
987 1700 1022 1764 in
1046 1700 1103 1765 ali-

105 1803 183 1851 arum
218 1787 344 1852 aedium
377 1787 557 1872 parietibus
590 1786 723 1852 sedebit.
776 1787 832 1852 sed
865 1793 899 1854 et
929 1786 1038 1855 Labeo
1071 1790 1105 1853 in

103 1869 187 1941 libris
214 1876 433 1962 posteriorum
462 1875 576 1941 soribit
604 1877 754 1941 binarum
783 1876 909 1941 aedium
938 1877 1104 1942 dominum

102 1965 240 2051 utrisque
267 1968 428 2049 portioum
457 1966 701 2049 superposuisse
728 1965 825 2049 inque
853 1987 924 2030 eam
954 1966 1042 2029 aditu
1067 1989 1106 2030 ex

100 2052 204 2119 alteris
238 2053 371 2118 aedibus
404 2053 480 2118 dato
512 2054 632 2118 alteras
664 2054 757 2118 aedes
786 2055 941 2119 servitute
969 2055 1104 2136 [oneris]

98 2143 238 2226 porticus
253 2142 428 2207 servandae
443 2142 597 2226 imposita
611 2141 807 2207 vendidisse:
824 2146 929 2208 totam
943 2143 1105 2227 porticum

98 2252 206 2297 aarum
230 2230 358 2295 aedium
381 2252 451 2295 esse
475 2253 554 2316 quas
577 2231 773 2313 retinuisset,
797 2253 869 2296 oum
889 2253 946 2314 per
965 2231 1105 2314 longitu-

98 2319 205 2385 dinem
224 2320 392 2404 utriusque
412 2318 525 2384 domus
544 2323 677 2384 extensa
690 2319 890 2404 (suspensa)
904 2323 989 2384 esset
1002 2324 1106 2384 traus-

96 2430 207 2475 rersae
230 2406 476 2493 contignationi,
499 2430 580 2492 quae
600 2409 640 2474 ab
660 2413 797 2493 utraque
815 2412 908 2493 parte
927 2408 1106 2491 parietibus

97 2498 225 2581 domus,
252 2517 335 2581 quae
361 2497 517 2580 venisset,
544 2498 766 2562 sustineretur.
812 2518 871 2561 nee
899 2501 1009 2560 tamen
1034 2518 1107 2562 oon-

97 2607 233 2672 sequens
258 2593 316 2668 est,
339 2589 377 2650 ut
399 2585 545 2669 superior
567 2607 644 2670 pars
664 2585 811 2670 aedificii,
834 2606 914 2669 quae
933 2586 1015 2649 nulli
1034 2606 1107 2650 eon·

97 2676 207 2741 innota
234 2674 408 2758 sitneque
436 2673 559 2739 aditum
588 2673 716 2739 aliunde
739 2673 868 2755 habeat,
900 2674 1031 2739 alterius
1056 2673 1108 2757 sit,

97 2784 194 2850 quam
218 2762 309 2828 euius
333 2763 437 2827 estid
461 2763 512 2828 eui
535 2763 739 2847 superposita
761 2769 819 2830 est.

595 2955 613 3022 ?

186 3073 239 3139 54.
273 3070 312 3136 D.
332 3074 361 3155 1,
380 3073 410 3150 3,
429 3073 480 3139 21.
531 3071 682 3138 Neratius
715 3073 799 3138 libro
829 3079 918 3139 sexto
947 3073 1109 3139 Membra-

96 3185 224 3229 narum.
244 3197 287 3209 —
306 3159 351 3225 Et
368 3161 440 3227 ideo
459 3163 601 3228 rationes
620 3183 740 3244 eorum,
759 3184 840 3246 quae
860 3164 1110 3244 constituuntur,

97 3252 220 3336 inquiri
241 3271 306 3314 non
330 3254 472 3335 oportet3
498 3251 641 3335 alioquin
665 3252 769 3314 multa
792 3273 831 3316 ex
849 3251 900 3317 his
920 3272 1002 3335 quae
1021 3255 1110 3315 certa

98 3344 176 3406 sunt
199 3338 439 3404 subvertuntur.

68 3476 71 3483 ·
188 3450 227 3513 of.
240 3450 392 3510 Iulianum
407 3451 442 3511 D.
460 3455 488 3528 1,
503 3453 532 3524 3,
549 3453 599 3511 20.
618 3445 698 3511 ‘Non
712 3452 845 3511 omnium
860 3470 935 3529 quae
954 3469 972 3509 a
991 3450 1110 3510 maiori-

98 3540 156 3601 bus
180 3538 347 3600 constituta
369 3543 452 3617 sunt,
476 3541 554 3600 ratio
577 3540 662 3599 reddi
685 3535 806 3616 potest'.
