2422 3976
282 192 304 248 L
325 192 501 248 VETERUM
520 192 752 248 snnrnnrlna
770 192 819 248 ΕΤ
836 192 942 249 LIBRI.
1052 194 1116 258 507
1203 186 1206 193 ’

504 355 556 422 De
578 357 721 421 ovatione.

195 470 225 538 3.
249 469 331 536 Gall.
352 471 383 555 5,
402 472 434 555 6,
451 473 503 536 27.
530 509 566 517 —
594 471 849 536 ...dissensisse
872 476 995 537 veteres
1020 473 1117 558 serip-

102 563 194 624 tores
225 560 356 644 accipio.
405 561 526 645 partim
554 562 640 624 enim
669 561 880 645 seripserunt,
913 562 968 644 qui
998 566 1118 646 ovaret,

103 648 241 714 introire
264 649 398 714 solitum
421 671 502 733 equo
526 649 704 714 vehentem.

193 760 231 820 ef.
253 759 323 818 111
348 781 377 837 p.
397 763 470 821 err.

388 921 435 980 De
457 921 566 980 delictis
589 922 836 980 extraordinariis.

192 1028 224 1095 4.
255 1027 374 1096 collat.
407 1030 461 1112 15,
492 1031 526 1114 2,
559 1032 576 1094 l
608 1029 682 1114 Ulp.
712 1031 732 1094 1.
763 1029 828 1095 VII
858 1031 895 1094 de
926 1031 1008 1096 offic.
1041 1053 1116 1114 pro-

106 1140 191 1185 cons.
219 1155 263 1166 -
297 1118 563 1184 ..interdictum
595 1123 644 1182 est
671 1119 972 1184 mathematicorum
1001 1121 1117 1184 callida

106 1209 272 1293 inpostura
292 1210 325 1272 et
343 1207 509 1272 obstinata
527 1208 744 1291 persuasione.
775 1230 834 1272 nee
857 1208 952 1273 hodie
975 1209 1116 1292 primum

107 1296 253 1362 interdici
269 1296 315 1361 eis
330 1296 460 1380 placuit,
479 1295 535 1360 sed
549 1301 641 1361 vetus
655 1296 734 1360 haec
748 1296 925 1379 prohibitio
940 1302 998 1362 est.
1030 1298 1116 1362 deni-

107 1406 165 1560 ?ue
189 1388 281 1450 extat
299 1389 431 1449 senatus
451 1383 633 1450 consultum
652 1383 832 1467 Pomponio
857 1390 890 1450 et
907 1385 993 1450 Rufo
1014 1408 1117 1451 conss.

121 1496 147 1538 a.
163 1471 222 1560 17)
246 1472 368 1538 factum
394 1524 421 1539 ..
442 1524 448 1536 .
472 1473 525 1537 sed
550 1473 613 1536 fuit
636 1474 827 1556 quaesitum,
850 1479 959 1538 utrum
983 1475 1118 1539 scicntia

107 1561 201 1627 huius
221 1562 309 1626 modi
326 1561 494 1626 hominum
513 1562 667 1646 puniatur
682 1584 721 1626 an
737 1563 888 1626 exercitio
903 1568 935 1627 et
949 1564 1117 1646 professio.

108 1651 285 1736 etquidem
309 1650 393 1733 apud
412 1656 537 1715 veteres
558 1651 724 1715 dicebatur
743 1652 976 1735 professionem
996 1674 1116 1736 eorum,

105 1760 167 1805 nan
191 1739 344 1804 notitiam
368 1761 437 1804 esse
460 1738 676 1823 prohibitam:

192 1849 368 1928 Sequuntur
390 1852 477 1910 haec:
502 1845 619 1927 ‘postea
636 1846 809 1913 variatum’.

398 2041 428 2105 2.
456 2041 512 2104 Ad
535 2041 594 2105 ius
617 2041 821 2124 privatum.

432 2163 466 2252 a)
490 2163 543 2231 De
566 2166 648 2230 iure
672 2165 789 2231 civili.

480 2286 527 2344 De
550 2288 729 2345 testamentis.

192 2395 223 2461 5.
263 2395 303 2460 D.
335 2397 388 2480 28,
424 2400 451 2478 1,
483 2395 535 2474 20,
569 2397 588 2460 8
621 2395 780 2479 Ulpianus
813 2396 897 2460 libro
930 2397 1033 2480 primo
1072 2398 1112 2461 ad

104 2484 271 2552 Sabinum.
306 2519 345 2532 -
379 2491 560 2549 ..veteres
589 2488 784 2567 putaverunt
811 2506 865 2548 eos
900 2486 954 2568 qui
982 2490 1113 2568 propter

104 2573 275 2640 sollemnia
297 2576 485 2638 testamenti
506 2574 708 2657 adhibentur,
732 2573 845 2637 durare
865 2575 988 2657 debere,
1012 2575 1113 2640 donec

102 2683 255 2747 suprema
277 2663 468 2727 contestatio
492 2667 675 2747 peragatur.

193 2751 223 2816 6.
247 2748 286 2814 D.
301 2751 353 2833 28,
367 2750 397 2835 5,
412 2751 454 2814 32
464 2774 509 2835 pr.
534 2751 622 2815 Idem
643 2751 699 2835 (sc.
715 2747 828 2836 Gaius)
847 2751 930 2814 libro
950 2751 1055 2834 primo
1075 2752 1114 2816 de

100 2839 308 2906 testamentis
333 2839 373 2902 ad
396 2839 534 2904 edictum
553 2840 711 2923 praetoris
738 2840 862 2905 urbani.
894 2876 930 2884 -
1034 2841 1113 2905 satis

99 2931 290 2994 constanter
326 2931 451 2992 veteres
491 2928 699 2992 decreverunt
734 2932 1003 2993 testamentorum
1043 2930 1113 2992 iura

98 3019 175 3102 ipsa
194 3038 252 3102 per
272 3038 306 3081 se
324 3017 418 3080 firma
437 3039 507 3081 esse
526 3021 682 3100 oportere,
705 3038 770 3081 non
794 3039 832 3081 ex
851 3017 956 3081 alieno
977 3018 1113 3082 arbitrio

122 3105 251 3172 endere.

96 3127 119 3192 p
193 3194 222 3258 l.
246 3192 279 3259 O.
296 3194 325 3278 6,
335 3194 388 3276 26,
400 3195 441 3258 10
454 3217 501 3277 pr.
521 3191 616 3280 (Imp.
631 3193 829 3258 lastinianus
844 3216 870 3259 a.
881 3193 962 3278 531)
973 3231 1015 3240 —
1031 3193 1113 3260 Cum

97 3281 235 3369 quidam
259 3282 383 3346 duobus
403 3282 621 3366 impuberibus
640 3282 717 3346 filiis
737 3283 803 3346 suis
828 3283 999 3347 heredibus
1018 3283 1112 3347 insti-

96 3372 183 3437 tutis
222 3371 348 3454 adiecit,
386 3373 413 3435 si
450 3376 583 3456 uterque
620 3372 766 3454 impubes
798 3371 982 3453 decesserit,
1019 3371 1113 3436 illum

96 3461 165 3526 sibi
189 3480 260 3523 essa
283 3459 442 3542 heredem,
546 3460 755 3524 dubitabatur
778 3460 862 3543 apud
895 3460 1045 3543 antiquos
1067 3462 1110 3526 le·

97 3571 180 3636 gum
212 3552 373 3631 auctores,
400 3554 549 3614 utrumne
578 3553 654 3613 tunc
682 3549 786 3613 voluit
813 3549 1026 3612 substitutum
1059 3549 1113 3613 ad-
