2422 3976
93 183 157 249 308
194 183 227 239 V.
247 180 397 237 NERVAE
416 182 463 236 ET
481 181 633 236 TRAIANI
651 179 759 236 ΤΕΜΡ.
777 178 875 235 IURIS
894 179 1072 238 consum

94 347 222 428 debere,
252 346 307 410 sed
335 343 514 410 interdom¹
536 344 697 429 proficisci
722 343 760 408 ad
785 365 874 427 eum,
902 346 955 410 cui
977 345 1095 411 reddere

96 435 212 500 debeat
236 435 362 518 [utique
386 434 413 499 si
437 433 465 497 is
488 434 535 498 rei
558 432 705 517 publicae
729 450 827 497 causa
850 433 982 518 aberit]⁸

181 542 302 606 Inclusa
324 546 417 605 verba
438 545 562 605 Pernice
586 545 663 606 eicit.

181 636 396 714 Fragmentum
420 634 626 710 Epistularum
650 635 735 695 libris
758 635 829 695 licet
851 635 1030 696 attribuere.

334 831 382 889 De
403 831 491 904 fundi
514 831 653 890 locotwoc
675 832 866 891 conductione.

182 951 213 1015 4.
240 949 280 1015 Ι).
296 951 347 1030 19,
361 949 391 1033 2,
408 949 458 1031 19,
472 950 501 1013 2.
546 949 706 1032 Ulpianus
733 950 817 1014 libro
844 949 1041 1035 trigensimo
1065 973 1095 1016 se

95 1040 198 1106 cundo
227 1039 267 1104 ad
296 1038 436 1103 edictum
459 1037 509 1123 (P.
522 1037 613 1123 951).
638 1076 675 1084 —
700 1037 786 1103 Illud
812 1039 908 1103 nobis
935 1039 1095 1105 videndun

95 1133 154 1210 est,
179 1130 206 1192 si
229 1128 301 1212 quis
324 1126 460 1191 fundum
483 1127 646 1210 locaverit,
669 1148 751 1211 quae
774 1127 879 1195 soleat
900 1128 1095 1193 instrument

95 1219 225 1282 nomine
249 1214 435 1282 conductori
457 1220 632 1298 praestare,
656 1236 798 1299 quaeque
822 1216 851 1280 si
871 1237 937 1280 non
956 1220 1095 1301 praestet

96 1329 136 1371 ex
152 1306 259 1370 locato
278 1306 416 1368 tenetur.
453 1308 486 1369 et
504 1308 554 1369 est
571 1304 710 1388 epistula
723 1302 850 1368 Neratii
865 1304 906 1368 ad
920 1304 1095 1370 Aristonea

95 1395 181 1459 dolia
213 1393 325 1477 utique
357 1391 473 1457 colono
506 1414 576 1458 esse
608 1393 805 1476 praestanda
836 1397 870 1457 et
901 1395 1051 1477 praelum
1078 1417 1095 1459 e

94 1487 258 1568 trapetum
291 1483 451 1546 instructa
481 1480 626 1564 funibus,
660 1481 688 1546 si
715 1482 835 1564 minus,
867 1482 1036 1547 dominnm
1062 1483 1095 1547 in

96 1577 218 1636 struere
245 1592 282 1634 ea
306 1569 435 1653 debere3
462 1571 518 1634 sed
542 1574 574 1635 et
596 1570 743 1654 praelum
765 1570 917 1636 vitiatum
942 1570 1095 1636 dominun

95 1660 224 1725 reficere
249 1658 373 1723 debere.
415 1659 501 1741 quod
523 1660 552 1723 si
575 1659 670 1743 culpa
689 1659 796 1724 coloni
814 1659 892 1743 quid
910 1680 1025 1725 eorum
1043 1681 1095 1725 cor

96 1751 228 1832 ruptum
248 1747 299 1830 sit,
319 1769 357 1812 ex
374 1746 481 1813 locato
501 1768 574 1813 eum
592 1747 704 1813 teneri.
735 1747 832 1813 fiscos
852 1752 970 1833 autem,
993 1749 1095 1833 quibui

96 1837 137 1901 ad
168 1836 377 1921 premendam
411 1836 515 1900 oleam
547 1837 683 1920 utimur,
715 1837 865 1902 colonum
898 1837 963 1902 sibi
984 1856 1095 1923 ‘parare

97 1926 213 1990 debere
227 1924 381 1990 Neratius
400 1925 545 2010 scripsit3
564 1925 650 2009 quod
669 1925 697 1990 si
713 1925 835 2010 regulis
850 1926 922 1991 olea
936 1930 1095 2009 prematur,

96 2019 129 2079 ct
160 2015 306 2098 praelum
338 2017 371 2078 et
403 2014 548 2078 suculam
578 2015 611 2078 et
637 2014 766 2098 regulas
794 2016 827 2078 et
855 2017 1046 2100 tympanum
1069 2013 1093 2076 et

97 2104 220 2168 cocleas
258 2101 375 2186 quibus
410 2102 574 2171 relevatur
610 2104 756 2187 praelum
793 2103 962 2168 dominum
993 2119 1091 2187 parare

97 2196 254 2276 oportere.
292 2192 369 2254 item
390 2213 516 2272 aenum,
535 2191 569 2254 in
590 2213 652 2275 qno
672 2192 743 2256 olea
762 2192 854 2256 calda
873 2214 958 2276 aqua
974 2194 1088 2263 lavatur,

97 2287 134 2345 ut
166 2284 273 2345 cetera
305 2301 383 2343 vasa
415 2280 536 2344 olearia
563 2280 728 2344 dominum
755 2285 923 2363 praestare
952 2290 1087 2365 oportere,

97 2369 194 2434 sicuti
212 2369 300 2432 dolia
319 2368 452 2450 vinaria,
472 2390 553 2452 quac
573 2369 613 2431 ad
630 2374 833 2452 praesentem
849 2392 944 2434 usum
960 2370 1086 2434 colonum

95 2459 203 2542 picare
227 2456 397 2540 oportebit.

184 2570 221 2627 A.
245 2569 381 2627 Pernice:
404 2567 524 2643 Ulpian.
543 2588 571 2643 p.
593 2571 634 2627 24
657 2589 685 2627 n.
706 2571 724 2627 3
748 2589 802 2643 pro
826 2564 969 2645 ‘epistula
991 2560 1085 2628 Neratii

97 2658 136 2716 ad
167 2649 352 2717 Aristonem'
384 2657 483 2732 potius
516 2651 659 2731 ‘episima
690 2656 841 2717 Aristonis
875 2660 913 2718 ad
940 2643 1083 2718 Neratinn'

97 2745 286 2805 scribendum
319 2764 382 2804 esse
414 2749 512 2820 putat.
558 2746 611 2803 sed
642 2747 719 2821 quod
748 2745 853 2805 Aristo
887 2749 924 2806 ad
952 2744 1084 2806 Neratium

99 2835 260 2908 epistulam
285 2834 367 2892 dedit
390 2825 440 2913 (D.
461 2836 512 2910 20,
537 2837 565 2909 1,
589 2837 607 2893 3
632 2834 711 2893 infra
733 2855 760 2909 p.
782 2828 871 2914 372),
895 2855 929 2896 eo
953 2855 1010 2896 non
1030 2829 1083 2891 satis

96 2922 241 2997 probatur
264 2923 350 2980 illum
368 2922 405 2980 ab
425 2924 481 2981 hoc
501 2924 670 2981 consultum
692 2923 793 2984 fuisse.

345 3154 411 3212 VII.
443 3155 663 3230 Regularum
686 3153 773 3210 libri
797 3154 860 3213 XV.

187 3294 373 3370 Quamquam
390 3297 420 3352 in
435 3295 530 3354 indice
544 3295 718 3355 Florentino
732 3296 806 3355 haec
820 3297 976 3374 leguntur:
998 3290 1083 3369 ‘Nep-

96 3382 160 3442 τίου
193 3384 365 3459 regularior
392 3383 492 3461 βιβλία
519 3378 695 3460 aemalae,
727 3387 758 3443 in
784 3385 947 3446 Iustiniani
972 3377 1084 3460 Digestis

170 3556 185 3604 1
205 3551 252 3606 Fi.
270 3550 389 3607 interim.
