2422 3976
93 191 159 254 260
195 189 228 244 v.
246 146 396 242 naevos
414 186 461 241 nn
480 185 870 241 cenomanensem
890 184 1074 242 corsuum

344 351 398 415 Ad
419 351 511 433 lcpem
533 349 659 413 Aeliam
681 347 842 413 Scatebra?

182 458 212 522 3.
235 456 274 521 D.
289 459 318 538 2,
332 457 363 540 4,
377 456 408 538 4,
422 456 452 520 3.
489 454 648 539 Ulpianus
667 455 751 519 libro
770 453 884 538 quinto
903 454 945 520 ad
962 455 1102 521 edictum

94 545 143 634 (P.
158 544 248 632 260).
264 543 474 609 -Parentes
493 544 590 607 etiam
609 564 663 607 eos
683 543 785 626 accipi
798 541 909 608 Labeo
929 545 1101 625 existimat,

94 636 149 721 qui
172 637 206 699 in
225 634 379 698 servitute
398 634 621 715 susceperunt,
645 652 703 696 nec
722 636 832 695 tamen
851 628 1045 720 (tantumi),
1066 638 1101 697 ut

94 723 229 789 Severus
253 722 392 804 dicebat,
416 721 456 785 ad
480 721 566 784 solos
588 721 691 784 iustos
713 719 843 784 liberos.

184 818 220 878 cf.
244 815 307 876 Gai.
329 818 356 893 1,
377 816 427 875 39.
460 807 573 874 ‘Iustus
605 816 707 873 autem
730 831 836 873 causae
858 815 1097 875 manumissionis

94 911 165 966 sunt
191 905 285 966 veluti
313 905 338 964 si
365 904 431 981 quis
459 904 576 978 patrem
603 905 656 961 aut
679 906 825 962 matrem.
842 897 1095 964 ..manumittat'.

483 1078 523 1140 IL
551 1124 579 1138 ..
595 1126 601 1138 .
617 1079 712 1138 libri.

182 1207 226 1266 De
248 1205 393 1264 librorum
414 1202 515 1262 indole
537 1203 614 1262 certi
635 1202 711 1261 nihil
734 1204 872 1281 cognosci
894 1207 1006 1280 potest.

524 1357 574 1422 De
595 1360 669 1423 dote.

187 1469 215 1531 1.
238 1464 278 1529 D.
293 1466 323 1550 3,
336 1466 367 1547 3,
381 1466 455 1547 8pr.
492 1463 582 1527 Idem
607 1463 664 1549 (sc.
684 1461 857 1551 Ulpianus)
881 1465 966 1531 libro
990 1467 1084 1530 octavo

96 1557 136 1621 ad
169 1555 308 1619 edictum
337 1551 385 1638 (P
405 1552 494 1637 305).
520 1589 564 1598 -
662 1556 695 1616 et
722 1553 789 1617 filia
815 1552 957 1618 familias
984 1549 1085 1638 potent
1127 1606 1129 1653 Ι

95 1645 170 1708 dare
199 1637 398 1724 copailorem¹
425 1641 465 1704 ad
489 1640 681 1705 iniuriarum
704 1641 872 1707 actionem.
918 1664 995 1706 nam
1015 1633 1084 1725 quod
1126 1658 1129 1711 l

97 1731 137 1795 ad
161 1731 245 1795 dotis
269 1730 466 1794 exactionem
491 1750 563 1794 eum
581 1733 674 1814 patre
692 1729 748 1793 dat
765 1729 973 1815 copnitcrcm1,
995 1746 1086 1812 super·
1125 1736 1129 1809 ξ

94 1840 230 1883 vacuum
263 1839 334 1882 esse
361 1817 509 1882 Valerius
538 1815 673 1882 Severus
703 1818 827 1897 scribit,
863 1839 935 1884 cum
963 1813 1086 1884 sufficiat
1127 1812 1129 1897 ζ

94 1911 222 1991 patrem
245 1906 320 1970 dare
344 1927 382 1969 ex
404 1907 489 1971 filiae
514 1906 688 1970 voluntate.

168 2001 182 2047 1
205 1992 279 2048 Trio.
297 1994 514 2062 procuratorem.

328 2135 378 2200 Dc
400 2156 482 2217 aquo
503 2136 670 2201 cottidiano
692 2141 721 2200 et
742 2137 866 2202 aestivo.

184 2243 213 2306 2.
237 2241 274 2307 Ι).
289 2242 341 2324 43,
356 2243 408 2322 20,
424 2243 453 2324 1,
468 2244 519 2307 21.
556 2241 714 2326 Ulpianus
738 2242 820 2307 libro
843 2241 1085 2329 septuagensimo

97 2333 137 2397 ad
161 2331 300 2395 edictum
324 2329 372 2411 (P.
389 2327 498 2417 1570).
524 2367 561 2377 —
588 2331 775 2408 Quaesitum
800 2336 858 2415 est,
881 2333 910 2396 si
933 2333 1004 2417 quis
1024 2330 1085 2394 ante

95 2443 216 2485 annum
240 2440 356 2502 aquam
380 2419 478 2501 duxit,
503 2419 615 2484 deinde
635 2421 779 2504 sequenti
797 2424 951 2505 tempore,
974 2422 1031 2486 hoc
1046 2413 1086 2480 ecl

95 2511 182 2574 intra
201 2529 330 2591 annum,
354 2530 437 2592 aqua
455 2507 618 2572 influxerit
636 2509 707 2592 ipsa
726 2509 787 2572 sibi
807 2531 858 2573 me
876 2532 943 2575 non
961 2507 1084 2584 ducente,

96 2621 138 2662 an
165 2597 227 2660 hoc
255 2595 427 2660 interdicto
456 2594 513 2682 (sc.
541 2597 579 2661 de
607 2593 704 2683 acina)
737 2598 826 2662 locus
855 2599 905 2663 sit.
946 2602 979 2663 et
1003 2591 1084 2690 refert
1126 2622 1129 2671 ;

97 2685 232 2750 Severus
256 2684 406 2748 Valerius
430 2690 610 2768 competere
633 2687 662 2749 ei
683 2686 745 2751 hoc
768 2686 985 2771 interdictum,
1010 2699 1083 2772 quael
1126 2708 1129 2765 2

95 2861 221 2925 videtur
242 2861 304 2926 iste
328 2862 464 2926 duxisse.

521 2989 679 2997 ——ss

96 2773 222 2837 duxisse
258 2772 418 2859 videatur,
453 2774 530 2838 licet
565 2775 693 2858 penitus
729 2776 999 2858 prospicientibus
1032 2787 1082 2837 non

325 3124 365 3205 2.
398 3130 649 3203 PULOINIUS
676 3131 870 3206 PRISOUS
1125 3196 1129 3281 i

183 3270 256 3328 iuris
284 3273 438 3331 consultus
461 3274 599 3333 Labeone
626 3275 735 3349 minor,
763 3276 887 3336 Neratio
915 3278 1009 3339 maior
1028 3275 1086 3336 netu
1126 3304 1129 3323 ι

96 3358 144 3432 (D.
166 3360 217 3435 31,
237 3361 326 3436 49,1
364 3355 474 3422 ‘Labeo
506 3364 625 3422 refert.
646 3410 665 3441 .,
703 3364 878 3424 Trebatium
909 3365 1087 3444 respondisse·
1125 3374 1129 3451 1'

96 3447 175 3522 quod
191 3493 197 3504 .
213 3491 219 3504 .
234 3446 353 3508 Priscus
369 3450 521 3510 Fulcinius
540 3452 651 3510 falsum
667 3471 732 3513 esse
746 3449 868 3514 aiebat'.
901 3455 936 3516 D.
953 3457 1004 3530 39,
1017 3457 1044 3531 6,
1055 3449 1087 3510 43

96 3529 249 3594 ‘Neratius
273 3536 349 3595 libro
373 3539 468 3613 primo
488 3540 717 3616 Responsorum.
750 3535 943 3626 Fulcinius'),
965 3544 1089 3605 laudatul
