2422 3976
481 162 507 210 4.
525 154 705 211 PLAUTIUS
1032 157 1097 221 223

113 314 151 400 (Ι).
163 327 206 396 18,
221 327 249 393 2,
266 327 317 386 19.
341 327 393 400 41,
408 326 437 399 4,
453 316 498 405 4),
521 324 622 401 tertio,
645 327 679 383 ut
697 323 825 399 videtur,
848 326 884 384 de
904 325 1101 386 servitutibus

111 413 279 486 praediorum
300 413 484 472 rusticorum
506 403 557 493 (D.
572 415 602 490 8,
618 415 647 489 6,
662 403 705 494 9).
1068 411 1071 417 ⁴

178 501 269 562 Lenel
285 519 354 560 cum
371 520 468 578 neque
486 500 621 561 Iauoleni
639 519 737 577 neque
754 500 912 577 Pomponii
931 521 967 561 ex
981 503 1101 562 Plautio

110 585 184 649 libros
209 610 276 651 oum
299 591 388 649 Pauli
414 589 561 649 librorum
588 589 690 649 ordine
712 590 870 650 convenire
893 587 1102 666 intellexisset,

110 668 284 752 beonnam,
307 679 360 738 sed
381 679 537 754 complura
559 678 674 737 Plautii
698 697 788 754 opera
811 678 941 738 aPaulo
965 698 1029 739 esse
1053 698 1101 739 ex·

108 763 208 842 eerpta'
228 760 308 850 (P.I
331 767 386 827 ool.
403 770 486 827 1147
510 787 539 825 n.
556 760 590 847 1)
619 767 699 826 haud
726 767 855 826 feliciter
882 767 1005 846 conicit,
1032 787 1102 827 nam

105 871 185 932 neque
209 859 317 917 notum
342 874 397 915 nee
425 855 565 915 credibile
593 859 640 915 est
665 855 759 915 ullius
786 856 992 915 iurisconsulti
1014 857 1102 931 plura

53 970 61 1001 1
106 960 181 1017 opera
209 961 345 1024 unquam
373 944 411 1002 ab
440 963 501 1003 uno
529 963 565 1004 ex
592 944 808 1019 posterioribus
835 944 868 1002 in
894 964 988 1002 unum
1016 946 1102 1021 qnasi

53 1010 59 1133 Ι
107 1048 197 1108 corpus
225 1036 331 1093 coacta
357 1051 435 1108 esse,
462 1052 559 1109 neque
584 1033 738 1091 Plautium
765 1035 886 1108 praeter
908 1032 1102 1110 Digestorum

53 1142 57 1189 ς
106 1136 166 1194 opus
191 1122 275 1181 aliud
302 1121 428 1180 edidisse
456 1121 553 1179 ullum
580 1124 627 1180 est
653 1121 805 1182 indicium.
850 1140 926 1197 quae
960 1141 1026 1180 cunr
1058 1122 1103 1180 ita

105 1208 160 1288 sint,
176 1229 357 1287 quamquam
377 1228 467 1286 quem
485 1229 587 1268 rernm
606 1210 739 1269 ordinem
755 1210 893 1268 Plautius
914 1214 1033 1269 secutus
1053 1210 1101 1286 sit,

105 1299 259 1358 accuratius
273 1298 394 1376 quidem
408 1298 558 1374 explorari
568 1301 708 1375 nequeat,
722 1301 822 1357 tamen
834 1316 903 1357 enm
912 1317 930 1356 a
940 1297 1101 1359 Sabiniano

105 1387 192 1446 ordine
214 1406 276 1447 non
298 1386 386 1446 valde
409 1386 539 1445 alienum
557 1387 649 1446 fnisse
671 1387 805 1446 Iavoleni
829 1388 958 1462 epitome
981 1387 1076 1448 docet.

177 1476 242 1535 lam
265 1475 301 1534 de
320 1475 357 1533 iis
376 1475 555 1552 fragmentis
572 1476 735 1535 videndum
753 1479 808 1550 est,
831 1491 907 1550 quae
926 1495 962 1534 ex
980 1475 1102 1535 Plautio

105 1559 225 1638 inprimis
247 1563 280 1622 in
297 1563 386 1622 Pauli
407 1563 500 1622 libros
524 1564 665 1622 videntur
682 1567 805 1639 recepta
824 1583 897 1623 esse.
940 1565 976 1622 de
995 1565 1051 1623 hac
1069 1584 1102 1623 re

106 1647 226 1731 Krneger
243 1673 273 1729 p.
289 1654 351 1711 159
372 1652 428 1711 ait:
452 1646 519 1711 ‘Boi
538 1652 651 1711 Paulus
669 1653 710 1712 ist
728 1654 782 1711 der
801 1653 878 1711 Text
896 1652 948 1712 des
962 1653 1101 1714 Plautius

107 1756 152 1798 ron
167 1743 224 1801 den
238 1741 383 1800 Zusbtzen
400 1739 432 1798 in
450 1741 567 1818 einigen
583 1740 697 1800 Stellen
715 1741 850 1800 dadurch
862 1742 1102 1817 untersohieden‚

107 1824 158 1889 dm
187 1848 242 1890 vor
270 1830 362 1905 J'enen
388 1828 540 1907 Plautius,
571 1848 626 1890 vor
655 1829 756 1888 diesen
783 1829 897 1888 Paulus
926 1831 1016 1890 steht.
1066 1831 1103 1888 In

65 1960 68 1967 .
107 1912 193 1978 diesen
215 1917 331 1977 Stellen
358 1917 479 1976 werden
505 1937 564 1978 von
586 1917 723 1976 Plautius
746 1918 840 1977 selbst
863 1919 1024 1993 angefbhrt
1047 1919 1103 1977 Sa·

107 2000 192 2083 binus,
220 2005 354 2083 Cassius,
377 2006 531 2084 Proculus,
553 2006 656 2066 Nerva
677 2005 738 2063 und
760 2006 932 2078 Atilicinus,
956 2006 1003 2064 die
1027 2008 1103 2065 auch

60 2086 63 2095 '
107 2088 204 2155 inden
230 2094 357 2170 librigen
381 2094 496 2152 Stellen
523 2095 625 2172 htufig
651 2095 857 2171 vorkommen,
887 2113 919 2153 so
943 2095 1009 2154 dal's
1033 2114 1103 2153 man

108 2185 167 2242 auch
191 2184 258 2243 hier
285 2183 342 2240 den
365 2183 441 2251 Text
467 2182 519 2242 des
541 2183 683 2242 Plautius
712 2183 784 2242 oder
807 2183 990 2258 wenigstens
1015 2184 1101 2241 einen

108 2269 211 2350 inaug
248 2272 358 2330 daraus
390 2289 444 2329 vor
476 2272 539 2330 sich
572 2272 663 2331 seben
695 2265 834 2331 mdcbte'.
889 2272 1000 2328 maiore
1034 2291 1103 2329 cum

107 2355 200 2420 fidncia
222 2359 316 2419 Lenel
333 2359 365 2418 P.
380 2359 411 2418 Π
434 2360 489 2418 col.
507 2362 546 2419 13
569 2365 632 2420 n.1
657 2360 783 2418 iudicat:
807 2354 851 2418 ‘in
868 2359 957 2417 Pauli
980 2358 1103 2435 quidem

108 2445 302 2508 adPlautinm
324 2447 409 2507 libris
430 2467 486 2525 pro
509 2453 591 2508 certo
610 2449 735 2508 dixerim
754 2467 789 2506 ex
806 2447 927 2506 Plautio
947 2466 983 2506 ea
1003 2447 1103 2506 omnia

107 2531 249 2613 desumpta
276 2554 354 2613 esse,
385 2536 417 2594 in
444 2536 552 2611 quibus
581 2537 683 2595 Sabini
711 2536 808 2596 Cassii
835 2536 953 2595 Nervae
981 2535 1104 2594 Proculi

106 2619 228 2684 Atilicini
255 2624 439 2699 aliorumque
467 2629 602 2684 veterum
629 2643 771 2701 respousa
798 2624 847 2684 vel
874 2624 1027 2699 opiniones
1055 2643 1103 2682 re-

105 2707 249 2787 lemntnr’,
278 2712 357 2789 quod
382 2731 442 2771 non
469 2713 613 2789 improbo.
659 2716 696 2772 de
723 2713 808 2772 libris
836 2712 1007 2789 Pomponii,
1035 2732 1103 2771 cum

104 2804 227 2861 veterum
250 2801 336 2859 libris
355 2800 515 2878 diligenter
531 2822 604 2862 usus
624 2803 675 2878 sit,
694 2821 754 2861 non
772 2801 853 2859 idem
870 2801 1003 2860 iudicare
1022 2803 1102 2861 licet.
1192 2823 1195 2828 ·

53 2960 56 2965 Ι
104 2883 227 2967 Krueger
251 2890 270 2948 l.
290 2907 315 2948 e.
337 2909 366 2964 p.
383 2892 455 2949 176.

53 2968 57 3011 ·’
178 2979 214 3038 In
240 2977 442 3053 proponendis
469 2977 647 3055 fragmentis
670 2997 818 3055 nusquam
842 2979 969 3038 cursivis
992 2980 1103 3039 litteris

100 3067 141 3124 ui
160 3067 261 3127 malui.

436 3229 464 3284 1.
493 3226 544 3284 Ad
567 3226 623 3285 ins
648 3226 766 3286 civile.

387 3326 436 3391 Do
458 3327 602 3411 tepitimc's
624 3327 806 3392 heredibus?

182 3439 209 3499 1.
232 3433 272 3498 D.
286 3431 317 3514 5,
333 3434 361 3514 1,
375 3433 427 3511 28,
441 3433 470 3499 5.
507 3432 626 3497 Paulus
649 3434 732 3497 libro
758 3433 897 3516 septimo
919 3431 1043 3496 decimo
1064 3430 1103 3494 ad

92 3511 254 3589 Plautium
275 3518 326 3607 (P.
342 3519 452 3607 1232).
472 3558 512 3568 -
534 3521 568 3586 si
586 3526 680 3604 pater
700 3521 840 3586 familias
857 3526 1004 3586 mortuus
1019 3521 1104 3624 esset
