2422 3976
92 195 160 260 490
196 194 229 249 V.
248 191 398 248 NERVAE
417 191 465 247 ET
484 189 637 246 TRAIANI
654 188 760 243 TEMP.
779 187 876 244 IURIS
896 186 1079 244 CONSUL'I'I

93 362 302 439 consumptum
335 359 363 420 oi
387 356 472 438 perit
501 356 556 435 qui
586 354 737 432 donavit,
768 353 798 417 si
825 354 914 418 ooodo
942 354 977 417 iu
1005 374 1111 419 rerum

93 452 208 512 poturo
240 465 301 510 esse
332 446 435 519 desiit·
469 464 523 508 neo
549 444 668 507 violetur
694 443 806 506 mulier
833 441 1012 523 locupletior
1038 462 1110 521 esso,

92 556 172 618 quoe
193 555 287 616 noque
309 554 330 597 u
352 536 496 598 creditore
517 553 573 597 suo
596 532 722 596 loloeratu
744 536 789 595 est
809 550 905 612 oeque
922 532 958 596 id
971 533 1111 614 possidet

92 625 176 708 quod
196 643 233 687 oo
250 623 384 704 poouuio
406 623 467 686 oiri
489 623 626 700 emerotJ.

184 735 306 794 Pernice
329 734 377 792 III
398 755 428 810 p.
444 736 515 793 199.

381 905 431 970 Do
452 905 611 970 uerborum
632 905 821 988 ollipotiouo.

186 1022 236 1087 73.
267 1020 307 1085 Ι).
325 1022 379 1097 46,
399 1022 427 1102 1,
446 1020 497 1085 20.
546 1018 715 1084 Iavolenus
746 1019 830 1085 libro
858 1018 1109 1099 tettio'ssdeoimo

94 1111 326 1196 Epistularum.
353 1147 390 1156 -
417 1108 479 1174 seo
504 1111 560 1174 etsi
586 1110 666 1173 serui
692 1110 834 1173 domiuus
856 1111 1027 1190 pecuniam
1050 1110 1108 1175 sol

94 1201 185 1277 verit,
217 1204 347 1281 repetere
377 1219 446 1263 eum
476 1219 540 1262 uou
567 1197 605 1262 ul)
632 1218 665 1261 oo
685 1218 746 1279 pro
773 1218 832 1278 quo
860 1199 1028 1278 fidelisssit
1058 1199 1110 1264 sed

93 1290 135 1353 ob
156 1309 188 1352 eo
211 1288 262 1354 oui
283 1289 457 1352 numeravit
473 1288 594 1369 poterit,
616 1306 685 1351 oum
707 1306 812 1352 sorops
828 1287 1040 1367 fideiussionis
1056 1307 1106 1351 oo·

95 1379 177 1441 mino
205 1377 335 1460 oblipuri
359 1397 422 1441 pou
439 1378 545 1458 possit.
590 1376 727 1456 sequitur
749 1378 830 1456 erpo,'
857 1380 894 1439 ut
915 1376 954 1439 ul)
977 1396 1026 1454 eo,
1048 1395 1104 1457 pro

92 1487 152 1548 quo
174 1466 375 1547 fidelissserut,
397 1468 490 1548 repeti
512 1486 575 1528 nou
591 1465 700 1545 possit,
723 1484 793 1528 oum
816 1460 899 1545 ipse¹
917 1485 990 1530 aere
1008 1465 1104 1528 altono

93 1555 245 1635 obliputos
270 1556 312 1617 sit
335 1574 388 1619 uec
409 1554 558 1618 solutione
579 1553 706 1617 liberari
727 1554 793 1617 olus
810 1553 963 1634 pecuniae
984 1553 1104 1618 nomino

89 1644 236 1724 potuerit,
260 1645 347 1706 ouius
370 1643 513 1726 obtiputio
536 1643 579 1707 ud
599 1662 719 1706 sorsum
741 1662 804 1706 nou
821 1642 983 1723 pertinuit.
1121 1639 1124 1645 ’

593 1818 609 1868 ‘l

188 1934 238 1998 74.
263 1934 301 2000 D.
318 1937 345 2015 1,
358 1935 389 2015 4,
404 1937 432 2000 3.
474 1934 645 1999 Iavolenus
664 1934 885 2020 Epistularum
904 1934 991 1998 libro
1010 1933 1098 1998 tertio

96 2024 229 2089 decimo.
255 2061 293 2070 -
319 2024 510 2105 Beneficium
536 2025 743 2104 imperatoris,
770 2025 852 2105 quod
875 2044 897 2087 a
918 2024 1028 2088 diuino
1048 2022 1097 2087 soi·

95 2114 165 2178 licet
185 2114 250 2178 eius
271 2113 462 2195 ludulpeutiu
477 2112 690 2194 proficiscitur,
712 2133 805 2193 quum
818 2112 999 2192 plenissime
1016 2113 1097 2176 intor-

91 2203 213 2284 pretooi
235 2203 379 2266 (letemus.

185 2314 266 2371 Fieri
297 2316 408 2388 potest,
440 2315 475 2371 ut
501 2313 661 2371 luvolenus
692 2311 729 2370 ds
761 2311 865 2370 eodem
895 2311 958 2371 divi
986 2308 1094 2369 Traiani

96 2403 238 2461 beneficio
261 2403 414 2461 consultus
438 2402 484 2477 sit,
508 2401 592 2459 cuius
616 2400 768 2459 Aburnius
787 2399 899 2459 Valens
924 2400 1092 2459 montionem

94 2493 170 2550 facit
193 2492 227 2549 D.
243 2494 294 2567 49,
311 2493 360 2564 14,
375 2494 425 2548 42.

499 2650 607 2709 Liber
629 2649 707 2708 XIV.

509 2760 558 2822 Do
581 2761 693 2842 tepolis.

188 2874 237 2938 75.
261 2875 299 2939 D.
315 2876 365 2957 35,
384 2877 410 2956 1,
424 2874 476 2938 56.
512 2874 601 2938 Idem
617 2873 673 2958 (sc.
688 2871 876 2960 Iavolenus)
892 2875 975 2939 libro
991 2876 1089 2960 quarto

96 2962 221 3025 decimo
236 2963 467 3047 Epistularum.
486 2999 530 3008 —
549 2963 608 3028 Ouo·
624 2963 740 3043 fuudus
760 2965 875 3045 topatus
894 2969 945 3046 est,
963 2966 992 3028 si
1009 2965 1091 3028 duem

94 3053 222 3133 steterit,
248 3057 370 3133 portem
399 3051 493 3131 fusoli
524 3052 663 3132 cousequi
690 3073 752 3116 uou
775 3057 885 3133 potest,
917 3055 983 3117 uisi
1008 3056 1086 3116 totum

88 3142 256 3222 peouuiooo
278 3145 471 3204 ozoomerosset.
518 3141 679 3204 dissimilis
702 3146 745 3205 est
766 3161 873 3220 causa,
897 3163 968 3205 oum
990 3139 1088 3205 duobus

95 3232 200 3293 eudem
223 3250 270 3292 res
293 3230 347 3292 sub
370 3230 541 3292 oouolioioue
565 3231 663 3310 lupulo
686 3234 743 3304 est·
774 3231 806 3292 iu
829 3229 888 3293 looo
910 3233 993 3294 euim
1014 3244 1088 3311 quoo-

94 3321 191 3382 sto'oue
209 3319 314 3382 statim
332 3339 352 3381 o
372 3323 554 3401 testamento,
575 3339 632 3398 quo
645 3319 791 3399 pluribus
808 3320 946 3384 condicio
964 3315 1088 3401 adposito
1136 3320 1138 3377 ζ

170 3498 182 3545 1
202 3492 326 3561 Kroepor
341 3508 395 3561 pro
414 3495 445 3545 ut
463 3494 499 3546 ab
518 3510 550 3548 eo
566 3493 750 3562 -cumipse
763 3492 858 3562 potius
872 3494 1010 3563 lepeudum
1020 3451 1087 3561 pol

96 3564 128 3614 ut
147 3564 170 3615 is
189 3580 238 3632 pro
258 3579 312 3630 quo
331 3561 511 3618 fideiusserat.
