2422 3976
98 180 140 244 36
168 182 215 237 ΙΙΙ.
230 181 307 238 CAH
320 183 468 239 CLAUDII
483 184 618 241 usbon.
629 184 774 240 GALBAE
782 187 889 244 ΤΕΜΡ.
898 189 995 244 IURIS
1006 189 1112 248 CONS.

305 390 352 447 Dc
374 390 486 449 heredis
507 392 684 450 institutione
706 394 903 452 condicionali.

187 515 216 579 3.
240 511 279 575 D.
290 509 343 586 35,
354 512 381 587 1,
393 509 423 593 6,
434 509 463 572 1.
505 508 703 592 Pomponius
726 510 810 575 libro
834 511 930 576 tertio
954 513 995 576 ad
1019 511 1115 578 Sabi-

97 623 175 666 num
194 598 243 687 (P.
256 595 347 685 423).
368 633 406 644 -
428 593 490 682 (³si
514 619 624 662 servos
648 602 752 663 certos
771 599 841 682 quis
861 602 1115 687 manumisisset,

97 690 192 754 heres
212 711 282 754 esse
301 689 408 751 iussus
427 691 505 750 erat.
543 687 734 771 quibusdam
754 709 792 752 ex
811 688 862 753 his
882 694 957 753 ante
976 692 1113 757 mortuis

190 800 264 843 eum
290 777 336 840 ita
365 779 452 840 esset
479 775 649 858 scriptum:
683 774 723 840 ‘si
749 776 820 840 filia
846 781 879 841 et
907 784 1012 843 mater
1039 801 1114 845 mea

97 866 218 932 vivent'
247 866 349 931 altera
376 864 442 928 iam
471 869 601 928 mortua
626 862 682 950 ..')
707 862 845 930 Sabinus
869 914 897 930 ..
921 872 954 931 et
977 865 1112 934 Cassius

98 956 191 1040 quasi
208 953 426 1039 impossibiles
441 973 495 1017 eas
510 952 713 1018 condiciones
727 954 760 1018 in
775 958 971 1021 testamento
986 958 1112 1041 positas

95 1067 246 1131 pronon
270 1042 399 1126 scriptis
423 1062 503 1104 esse.

384 1225 430 1282 De
452 1225 650 1284 substitutione
665 1226 820 1298 pupillari.

184 1346 215 1410 4.
234 1343 272 1408 D.
282 1345 336 1429 42,
345 1341 375 1425 5,
385 1342 438 1408 28.
468 1340 641 1407 Iavolenus
656 1342 741 1408 libro
755 1343 860 1428 primo
874 1344 1111 1429 Epistularum.

96 1432 261 1498 -Pater
287 1431 430 1496 familias
457 1431 616 1514 impuberi
642 1432 726 1516 filio,
754 1432 782 1496 si
810 1442 884 1497 ante
907 1435 1111 1517 pubertatem

97 1523 300 1599 decessisset,
329 1520 497 1584 substituit
524 1519 674 1585 heredem
784 1543 835 1585 me
862 1521 944 1587 illud
969 1524 1111 1591 maxime

96 1613 216 1690 movet,
253 1608 338 1693 quod
374 1609 638 1693 praeceptoribus
671 1610 735 1673 tuis
768 1612 874 1694 placet
905 1633 1006 1677 unum
1039 1636 1110 1679 esse

95 1702 336 1763 testamentum.

184 1809 284 1868 Verba
307 1813 376 1869 sunt
400 1808 463 1867 eius
486 1808 537 1883 qui
559 1809 740 1868 davolenum
763 1811 920 1870 consuluit.

351 2004 398 2061 Dc
414 2007 550 2076 postumo
572 2004 672 2062 beredo
693 2007 850 2065 scribendo.

184 2123 214 2188 5.
242 2121 281 2187 Ι).
296 2123 401 2205 28,2,
416 2123 494 2205 Cpr.
540 2120 698 2204 Ulpianus
726 2124 809 2189 libro
833 2125 931 2190 tertio
955 2127 996 2191 ad
1020 2127 1109 2193 Sabi·

96 2234 174 2276 num
194 2208 244 2297 (P.
256 2208 367 2296 2445).
389 2246 427 2257 -
444 2258 470 2274 ..
489 2232 521 2274 es
558 2212 747 2294 quaesitum,
766 2235 807 2278 an
825 2214 863 2297 is,
882 2215 935 2297 qui
955 2236 1109 2300 generare

95 2299 189 2365 facile
222 2322 289 2364 non
321 2300 438 2384 possit,
469 2304 657 2383 postumum
684 2301 835 2366 heredem
862 2302 966 2368 facere
995 2308 1109 2392 possit,

96 2393 129 2454 et
158 2389 271 2454 scribit
294 2386 425 2453 Cassius
533 2410 640 2472 posse3
670 2411 745 2454 nam
774 2395 806 2454 et
832 2412 965 2457 uxorem
994 2395 1109 2461 ducere

96 2483 130 2542 et
149 2478 302 2560 adoptare
321 2481 438 2560 potest.
476 2477 651 2559 spadonem
670 2499 796 2562 quoque
810 2501 906 2562 posse
920 2485 1108 2564 postumum

94 2566 245 2630 heredem
260 2566 399 2631 scribere
414 2568 447 2628 et
461 2563 570 2629 Labeo
585 2569 617 2629 et
632 2563 763 2631 Cassius
778 2568 930 2651 scribunt,
954 2573 1109 2655 quoniam

96 2676 155 2719 nee
179 2658 268 2718 aetas
292 2675 351 2718 nec
375 2653 530 2718 sterilitas
554 2654 584 2718 ei
606 2655 652 2718 rei
675 2655 906 2739 impedimento
930 2665 989 2724 est

516 2890 624 2949 Liber
646 2890 684 2950 Π.

372 3023 422 3090 Dc
444 3024 608 3092 hereditate
629 3029 829 3110 adquirendo.

500 3157 547 3214 Dc
569 3160 697 3216 cretione.

184 3274 212 3337 6.
236 3271 274 3336 D.
286 3275 457 3359 22,6,3,1.
502 3274 699 3360 Pomponius
722 3277 806 3341 libro
830 3278 927 3342 tertio
952 3281 992 3344 ad
1017 3279 1106 3346 Sabi·

94 3384 172 3426 num
193 3357 242 3448 (P.
261 3361 351 3449 416).
377 3399 415 3409 -
441 3411 471 3428 ..
491 3362 622 3428 Cassius
641 3365 859 3447 ignorantiam
879 3365 1036 3435 Sabinum
1060 3371 1106 3436 its

95 3451 313 3534 accipiendam
332 3452 532 3519 existimasse
550 3452 648 3517 refert
665 3474 731 3517 non
751 3455 909 3540 deperditi
923 3461 957 3522 et
969 3460 1105 3526 nimium

95 3541 197 3604 securi
219 3541 369 3606 hominis.
