2422 3976
482 202 506 251 c.
525 194 712 252 ruocunus
796 173 823 189 ’“
1038 194 1101 261 129

124 361 175 421 dnn
193 368 334 442 crescant,
363 363 514 424 interdum
537 367 718 442 exarescant,
742 383 812 425 snos
834 367 935 424 temen
957 365 1101 426 terminos

124 451 223 514 retinent
249 453 378 531 ideoque
405 453 438 512 in
464 453 511 512 his
539 453 586 513 ius
613 453 774 514 allucionis
802 473 862 513 non
889 449 1101 531 edgncscitur'.

453 606 505 672 De
525 609 593 672 iure
614 608 741 674 dotium.

185 711 233 780 35.
254 713 295 779 Ι).
310 714 363 798 23,
376 714 407 797 4,
423 715 472 779 17.
508 713 665 778 Proculus
684 714 769 778 libro
786 713 955 779 undecimo
969 715 1103 799 Epistu-

122 797 209 868 larum.
228 839 271 850 —
294 802 468 868 Atilicinus
487 802 624 868 Proculo
648 824 706 867 suo
731 803 878 867 sulutem.
919 801 1001 868 (ium
1018 805 1102 869 inter

121 887 199 954 virum
234 897 266 957 et
302 913 434 956 uxorem
471 896 602 984 pactum
637 895 830 956 conventum
863 896 939 956 ente
971 893 1102 976 nuptiae

121 974 215 1043 fectum
244 981 300 1064 sit,
332 987 370 1044 ut
397 980 513 1064 quibus
540 981 652 1045 diebus
681 980 740 1045 doe
768 981 843 1045 date
871 982 968 1063 esset,
1001 981 1102 1045 isdem

121 1063 230 1134 divortio
262 1069 349 1134 fecto
382 1068 579 1154 redderetur,
611 1073 687 1153 poet
718 1069 973 1153 quinquennium
1005 1091 1102 1152 quum

120 1157 225 1238 nuptiae
251 1157 357 1223 factae
381 1162 457 1222 sunt
484 1179 564 1222 uxor
591 1159 661 1222 viro
686 1158 793 1222 dotem
824 1157 921 1222 dedit.
964 1157 1102 1223 divortio

119 1237 182 1310 fecte
207 1267 341 1331 quaero,
368 1250 476 1310 utrum
500 1247 709 1331 quinquennii
732 1246 782 1310 die
805 1247 855 1310 vir
877 1247 970 1312 uxori
993 1246 1102 1311 dotem

119 1331 241 1399 redderet
264 1357 307 1399 en
330 1338 453 1401 statuto
477 1335 603 1420 legibus
626 1339 780 1420 tempore.

182 1423 336 1489 Proculus
360 1424 538 1508 respondit:
565 1426 646 1507 qued
666 1426 710 1488 ud
730 1424 810 1488 diem
833 1425 1003 1489 reddendae
1024 1425 1103 1489 dctis

117 1511 208 1595 attinet
220 1518 313 1594 pacto
332 1513 472 1579 existimo
489 1513 644 1578 cultorem
657 1514 863 1578 condicionem
876 1513 1016 1578 mulieris
1033 1514 1104 1595 fieri

115 1612 192 1683 ccccc,
222 1603 400 1666 cccccccccc
421 1614 483 1666 ccc
505 1622 602 1684 posse
647 1603 749 1683 tuque
775 1603 804 1667 sc'
829 1607 956 1666 cautum
982 1607 1037 1686 est,
1068 1607 1105 1667 ct

114 1690 233 1770 copore
255 1695 395 1774 tempore,
418 1711 511 1772 quum
530 1691 644 1773 ceruus
661 1692 856 1756 coustitctcm
873 1697 925 1774 est,
946 1692 1103 1772 reddatur,

116 1778 175 1841 cart
194 1799 226 1844 eo
249 1779 361 1862 debere,
382 1780 412 1844 sc'
433 1784 470 1843 ct
486 1780 628 1863 torcpicre,
651 1800 704 1844 uec
723 1779 823 1844 vacere
840 1781 876 1844 c'd
885 1785 1016 1861 pactum
1033 1801 1101 1845 cocc-

65 1948 67 1953 .
116 1870 224 1932 ccccm.
269 1869 358 1933 cuius
379 1869 544 1932 sententiae
566 1869 745 1933 couveniens
766 1873 810 1933 est
831 1869 941 1952 dcere,
963 1871 995 1934 ec'
1013 1874 1104 1950 pactu

65 2000 68 2049 2
116 1962 234 2022 eccepto
257 1961 382 2021 cautum
405 1961 456 2040 est,
478 1962 514 2021 ct
535 1962 649 2038 pcuctc
671 1958 770 2023 serius
792 1978 926 2039 quaeque
948 1955 1106 2039 res1posc

114 2047 219 2123 cuprius
246 2048 322 2110 datu
347 2046 456 2128 fcerit,
489 2050 574 2110 tactu
596 2051 668 2129 post
693 2047 859 2110 diuortium
886 2048 1044 2129 reddetur,
1076 2047 1105 2110 sc'

111 2136 243 2218 propiore,
266 2155 360 2216 quum
382 2135 418 2197 tc
441 2136 594 2199 reddenda
608 2136 675 2199 dcte
688 2136 883 2199 constitutum
901 2139 946 2199 est
962 2136 1036 2199 datu
1055 2136 1105 2217 sit,

114 2219 193 2287 rcere
209 2229 339 2306 pactum
362 2228 551 2302 convectum,
574 2225 603 2287 sc'
626 2224 771 2306 turpiore,
794 2244 857 2287 cccc
879 2223 988 2289 catere.

183 2313 234 2378 36.
257 2311 297 2376 Ι).
315 2313 364 2391 19,
379 2312 409 2395 5,
425 2311 475 2376 12.
508 2311 666 2376 Proculus
684 2313 767 2375 libro
787 2312 955 2377 undecimo
969 2311 1103 2396 Epistu-

112 2389 208 2466 larum.
233 2436 278 2447 —
307 2397 341 2463 Si
372 2401 423 2464 vir
455 2401 548 2465 uxori
580 2421 656 2464 suae
688 2399 804 2464 fundos
838 2400 982 2464 vendidit
1011 2404 1044 2464 et
1071 2399 1105 2463 in

112 2489 278 2554 venditione
302 2489 568 2572 comprehensum
593 2493 643 2553 est
667 2490 853 2554 convenisse
877 2490 1054 2567 intereos,
1077 2488 1105 2552 si

112 2591 140 2638 ec
158 2582 258 2662 nupta
282 2578 310 2641 ei
331 2599 400 2642 cese
420 2577 561 2657 desisset,
584 2583 621 2641 ut
639 2599 693 2642 eos
712 2577 840 2660 fundos,
864 2577 891 2641 si
910 2577 980 2661 ipse
998 2577 1105 2660 vellet,

111 2664 205 2730 ecdem
240 2667 347 2752 pretio
385 2666 500 2730 mulier
537 2666 767 2731 transcriberet
799 2667 883 2750 vire,
922 2667 957 2729 icc
986 2665 1104 2746 fuctum

108 2754 232 2821 occentu
257 2755 408 2820 iudicium
431 2774 493 2819 esec
514 2756 700 2820 reddendum
722 2756 812 2837 idque
834 2761 862 2819 et
883 2756 918 2819 icc
941 2755 1016 2820 attis
1033 2777 1104 2839 pec·

105 2845 179 2910 ccccc
199 2844 428 2910 obseruandum.

347 2983 520 3038 Iccectcccm
539 2983 670 3038 librorum
687 2983 850 3052 fraumenta.

184 3079 266 3150 Quae
296 3078 411 3139 subieci
437 3079 606 3156 fragmenta
629 3078 737 3139 iisdem
759 3079 886 3140 fortusse
909 3080 994 3140 libris
1018 3080 1104 3139 attri-

99 3165 212 3228 buenda
235 3170 315 3229 eunt.

470 3233 521 3298 De
543 3235 733 3300 testamentis,

183 3341 237 3406 37.
268 3339 450 3423 D.50,16‚
472 3339 544 3405 116.
594 3339 684 3405 Idem
717 3337 773 3427 (sc.
802 3337 989 3422 Iavolenus)
1020 3337 1105 3400 libro

97 3430 233 3513 septimo
243 3428 479 3514 Epistularum.
488 3463 530 3476 —
542 3426 705 3513 ‘Quisquis
721 3429 802 3494 mihi
817 3428 898 3493 elius
913 3428 972 3491 filii
982 3426 1106 3490 filiusve

167 3573 182 3620 1
203 3567 250 3623 Fr.
270 3568 307 3623 et

147 3665 244 3716 Iurtepr.
258 3667 376 3709 sntehsdr.
391 3667 440 3708 rell.
454 3667 489 3709 ed.
498 3667 598 3708 Bremer.
618 3668 650 3719 11,
660 3670 678 3707 2.
876 3660 891 3707 9
