<?xml version="1.0" encoding="UTF-8"?>
<!DOCTYPE html PUBLIC "-//W3C//DTD XHTML 1.0 Transitional//EN"
    "http://www.w3.org/TR/xhtml1/DTD/xhtml1-transitional.dtd">
<html xmlns="http://www.w3.org/1999/xhtml" xml:lang="en" lang="en">
 <head>
  <title>
</title>
<meta http-equiv="Content-Type" content="text/html;charset=utf-8" />
  <meta name='ocr-system' content='tesseract 3.04.00' />
  <meta name='ocr-capabilities' content='ocr_page ocr_carea ocr_par ocr_line ocrx_word'/>
</head>
<body>
  <div class='ocr_page' id='page_1' title='image "./iurisprudentiae01bremgoog_0544.png"; bbox 0 0 2422 3976; ppageno 0'>
   <div class='ocr_carea' id='block_1_1' title="bbox 277 182 1110 250">
    <p class='ocr_par' dir='ltr' id='par_1_1' title="bbox 277 182 1110 250">
     <span class='ocr_line' id='line_1_1' title="bbox 277 182 1110 250; baseline 0.005 -13"><span class='ocrx_word' id='word_1_1' title='bbox 277 182 298 239; x_wconf 99' lang='grc' dir='ltr'><strong>Ι.</strong></span> <span class='ocrx_word' id='word_1_2' title='bbox 317 182 492 237; x_wconf 83' lang='lat' dir='ltr'>VETERUM</span> <span class='ocrx_word' id='word_1_3' title='bbox 512 182 741 238; x_wconf 78' lang='lat' dir='ltr'>SENTENTIAE</span> <span class='ocrx_word' id='word_1_4' title='bbox 760 183 805 237; x_wconf 85' lang='lat' dir='ltr'><strong>ET</strong></span> <span class='ocrx_word' id='word_1_5' title='bbox 823 183 928 241; x_wconf 84' lang='lat' dir='ltr'>LIBRI.</span> <span class='ocrx_word' id='word_1_6' title='bbox 1045 185 1110 250; x_wconf 85' lang='lat'><strong>509</strong></span> 
     </span>
    </p>
   </div>
   <div class='ocr_carea' id='block_1_2' title="bbox 93 345 1110 608">
    <p class='ocr_par' dir='ltr' id='par_1_2' title="bbox 93 345 1110 608">
     <span class='ocr_line' id='line_1_2' title="bbox 93 345 1110 431; baseline 0 -19"><span class='ocrx_word' id='word_1_7' title='bbox 93 351 130 412; x_wconf 88' lang='lat' dir='ltr'><strong>et</strong></span> <span class='ocrx_word' id='word_1_8' title='bbox 162 345 265 412; x_wconf 81' lang='lat' dir='ltr'><strong>dividi</strong></span> <span class='ocrx_word' id='word_1_9' title='bbox 293 350 416 431; x_wconf 86' lang='lat' dir='ltr'><strong>potest,</strong></span> <span class='ocrx_word' id='word_1_10' title='bbox 529 350 653 411; x_wconf 88' lang='lat' dir='ltr'><strong>veteres</strong></span> <span class='ocrx_word' id='word_1_11' title='bbox 677 397 710 413; x_wconf 86' lang='lat'><strong>..</strong></span> <span class='ocrx_word' id='word_1_12' title='bbox 739 347 974 412; x_wconf 87' lang='lat' dir='ltr'><strong>aestimandum</strong></span> <span class='ocrx_word' id='word_1_13' title='bbox 1002 352 1110 412; x_wconf 90' lang='lat' dir='ltr'><strong>totum</strong></span> 
     </span>
     <span class='ocr_line' id='line_1_3' title="bbox 94 434 1109 608; baseline 0 -107"><span class='ocrx_word' id='word_1_14' title='bbox 94 457 199 590; x_wconf 62' lang='lat' dir='ltr'><strong>bibulis</strong></span> <span class='ocrx_word' id='word_1_15' title='bbox 211 434 352 608; x_wconf 38' lang='lat' dir='ltr'><strong>spigant?</strong></span> <span class='ocrx_word' id='word_1_16' title='bbox 370 435 529 518; x_wconf 88' lang='lat' dir='ltr'><strong>putabant</strong></span> <span class='ocrx_word' id='word_1_17' title='bbox 548 435 645 499; x_wconf 90' lang='lat' dir='ltr'><strong>etita</strong></span> <span class='ocrx_word' id='word_1_18' title='bbox 664 436 932 519; x_wconf 85' lang='lat' dir='ltr'><strong>constituendum,</strong></span> <span class='ocrx_word' id='word_1_19' title='bbox 951 441 1109 521; x_wconf 90' lang='lat' dir='ltr'><strong>quantum</strong></span> 
     </span>
    </p>
   </div>
   <div class='ocr_carea' id='block_1_3' title="bbox 188 626 454 686">
    <p class='ocr_par' dir='ltr' id='par_1_3' title="bbox 188 626 454 686">
     <span class='ocr_line' id='line_1_4' title="bbox 188 626 454 686; baseline 0 0"><span class='ocrx_word' id='word_1_20' title='bbox 188 626 225 686; x_wconf 83' lang='lat' dir='ltr'><strong>cf.</strong></span> <span class='ocrx_word' id='word_1_21' title='bbox 249 626 319 686; x_wconf 83' lang='lat' dir='ltr'><strong>Vat</strong></span> <span class='ocrx_word' id='word_1_22' title='bbox 342 626 377 686; x_wconf 85' lang='lat' dir='ltr'><strong>fr.</strong></span> <span class='ocrx_word' id='word_1_23' title='bbox 403 627 454 686; x_wconf 85' lang='grc'><strong>68.</strong></span> 
     </span>
    </p>
   </div>
   <div class='ocr_carea' id='block_1_4' title="bbox 96 726 1113 1612">
    <p class='ocr_par' dir='ltr' id='par_1_4' title="bbox 96 726 1112 991">
     <span class='ocr_line' id='line_1_5' title="bbox 190 726 1112 812; baseline 0.001 -19"><span class='ocrx_word' id='word_1_24' title='bbox 190 728 241 793; x_wconf 87' lang='grc'><strong>13.</strong></span> <span class='ocrx_word' id='word_1_25' title='bbox 263 726 303 793; x_wconf 90' lang='lat' dir='ltr'><strong>D.</strong></span> <span class='ocrx_word' id='word_1_26' title='bbox 328 729 356 811; x_wconf 90' lang='grc'><strong>7,</strong></span> <span class='ocrx_word' id='word_1_27' title='bbox 376 729 405 811; x_wconf 87' lang='lat'><strong>8,</strong></span> <span class='ocrx_word' id='word_1_28' title='bbox 427 729 476 809; x_wconf 90' lang='lat'><strong>10,</strong></span> <span class='ocrx_word' id='word_1_29' title='bbox 495 729 524 793; x_wconf 88' lang='lat'><strong>3.</strong></span> <span class='ocrx_word' id='word_1_30' title='bbox 548 727 706 811; x_wconf 85' lang='lat' dir='ltr'>Ulpianus</span> <span class='ocrx_word' id='word_1_31' title='bbox 726 729 809 793; x_wconf 91' lang='lat' dir='ltr'><strong>libro</strong></span> <span class='ocrx_word' id='word_1_32' title='bbox 830 730 967 812; x_wconf 87' lang='lat' dir='ltr'><strong>septimo</strong></span> <span class='ocrx_word' id='word_1_33' title='bbox 988 730 1112 794; x_wconf 90' lang='lat' dir='ltr'><strong>decimo</strong></span> 
     </span>
     <span class='ocr_line' id='line_1_6' title="bbox 97 815 1112 883; baseline 0 0"><span class='ocrx_word' id='word_1_34' title='bbox 97 817 138 883; x_wconf 90' lang='lat' dir='ltr'><strong>ad</strong></span> <span class='ocrx_word' id='word_1_35' title='bbox 168 815 335 882; x_wconf 85' lang='lat' dir='ltr'><strong>Sabinum.</strong></span> <span class='ocrx_word' id='word_1_36' title='bbox 369 853 406 862; x_wconf 95' lang='lat'><strong>—</strong></span> <span class='ocrx_word' id='word_1_37' title='bbox 442 815 559 882; x_wconf 87' lang='lat' dir='ltr'><strong>Utrum</strong></span> <span class='ocrx_word' id='word_1_38' title='bbox 587 867 619 881; x_wconf 93' lang='lat'><strong>..</strong></span> <span class='ocrx_word' id='word_1_39' title='bbox 648 818 743 882; x_wconf 89' lang='lat' dir='ltr'><strong>unius</strong></span> <span class='ocrx_word' id='word_1_40' title='bbox 777 818 853 882; x_wconf 89' lang='lat' dir='ltr'><strong>anni</strong></span> <span class='ocrx_word' id='word_1_41' title='bbox 881 819 924 883; x_wconf 90' lang='lat' dir='ltr'><strong>sit</strong></span> <span class='ocrx_word' id='word_1_42' title='bbox 952 818 1112 883; x_wconf 78' lang='lat' dir='ltr'><strong>habitatio</strong></span> 
     </span>
     <span class='ocr_line' id='line_1_7' title="bbox 96 905 1008 991; baseline 0 -20"><span class='ocrx_word' id='word_1_43' title='bbox 96 928 139 971; x_wconf 86' lang='lat' dir='ltr'><strong>an</strong></span> <span class='ocrx_word' id='word_1_44' title='bbox 162 926 265 990; x_wconf 90' lang='lat' dir='ltr'><strong>usque</strong></span> <span class='ocrx_word' id='word_1_45' title='bbox 290 905 329 969; x_wconf 94' lang='lat' dir='ltr'><strong>ad</strong></span> <span class='ocrx_word' id='word_1_46' title='bbox 352 906 464 988; x_wconf 88' lang='lat' dir='ltr'><strong>vitam,</strong></span> <span class='ocrx_word' id='word_1_47' title='bbox 488 906 572 990; x_wconf 90' lang='lat' dir='ltr'><strong>apud</strong></span> <span class='ocrx_word' id='word_1_48' title='bbox 595 909 720 970; x_wconf 88' lang='lat' dir='ltr'><strong>veteres</strong></span> <span class='ocrx_word' id='word_1_49' title='bbox 745 908 926 991; x_wconf 88' lang='lat' dir='ltr'><strong>quaesitum</strong></span> <span class='ocrx_word' id='word_1_50' title='bbox 950 911 1008 971; x_wconf 86' lang='lat' dir='ltr'><strong>est</strong></span> 
     </span>
    </p>

    <p class='ocr_par' dir='ltr' id='par_1_5' title="bbox 97 991 1112 1239">
     <span class='ocr_line' id='line_1_8' title="bbox 189 991 1112 1078; baseline 0.001 -19"><span class='ocrx_word' id='word_1_51' title='bbox 189 995 241 1060; x_wconf 89' lang='grc'><strong>14.</strong></span> <span class='ocrx_word' id='word_1_52' title='bbox 261 993 300 1059; x_wconf 89' lang='grc' dir='ltr'><strong>Ι).</strong></span> <span class='ocrx_word' id='word_1_53' title='bbox 320 994 372 1073; x_wconf 78' lang='grc'><strong>32,</strong></span> <span class='ocrx_word' id='word_1_54' title='bbox 392 995 443 1073; x_wconf 90' lang='grc'><strong>70,</strong></span> <span class='ocrx_word' id='word_1_55' title='bbox 463 994 504 1058; x_wconf 75' lang='lat'><strong>12</strong></span> <span class='ocrx_word' id='word_1_56' title='bbox 522 991 681 1078; x_wconf 85' lang='lat' dir='ltr'><strong>Ulpianus</strong></span> <span class='ocrx_word' id='word_1_57' title='bbox 697 995 779 1059; x_wconf 94' lang='lat' dir='ltr'><strong>libro</strong></span> <span class='ocrx_word' id='word_1_58' title='bbox 799 996 950 1060; x_wconf 89' lang='lat' dir='ltr'><strong>vicesimo</strong></span> <span class='ocrx_word' id='word_1_59' title='bbox 975 996 1112 1060; x_wconf 88' lang='lat' dir='ltr'><strong>secundo</strong></span> 
     </span>
     <span class='ocr_line' id='line_1_9' title="bbox 98 1081 1110 1169; baseline 0 -20"><span class='ocrx_word' id='word_1_60' title='bbox 98 1083 140 1149; x_wconf 85' lang='lat' dir='ltr'><strong>ad</strong></span> <span class='ocrx_word' id='word_1_61' title='bbox 154 1081 321 1148; x_wconf 87' lang='lat' dir='ltr'><strong>Sabinum.</strong></span> <span class='ocrx_word' id='word_1_62' title='bbox 339 1121 376 1130; x_wconf 98' lang='lat'><em>-</em></span> <span class='ocrx_word' id='word_1_63' title='bbox 393 1131 401 1147; x_wconf 93' lang='lat'><strong>.</strong></span> <span class='ocrx_word' id='word_1_64' title='bbox 416 1132 422 1146; x_wconf 93' lang='lat'><strong>.</strong></span> <span class='ocrx_word' id='word_1_65' title='bbox 438 1083 608 1147; x_wconf 76' lang='lat' dir='ltr'><strong>constabat</strong></span> <span class='ocrx_word' id='word_1_66' title='bbox 623 1083 708 1166; x_wconf 90' lang='lat' dir='ltr'><strong>apud</strong></span> <span class='ocrx_word' id='word_1_67' title='bbox 721 1088 845 1150; x_wconf 80' lang='lat' dir='ltr'><strong>veteres</strong></span> <span class='ocrx_word' id='word_1_68' title='bbox 859 1084 953 1148; x_wconf 89' lang='lat' dir='ltr'><strong>lanae</strong></span> <span class='ocrx_word' id='word_1_69' title='bbox 969 1086 1110 1169; x_wconf 87' lang='lat' dir='ltr'><strong>appella·</strong></span> 
     </span>
     <span class='ocr_line' id='line_1_10' title="bbox 97 1171 698 1239; baseline -0.003 -1"><span class='ocrx_word' id='word_1_70' title='bbox 97 1174 187 1239; x_wconf 88' lang='lat' dir='ltr'><strong>tione</strong></span> <span class='ocrx_word' id='word_1_71' title='bbox 210 1171 418 1237; x_wconf 79' lang='lat' dir='ltr'><strong>versicoloria</strong></span> <span class='ocrx_word' id='word_1_72' title='bbox 440 1193 506 1235; x_wconf 90' lang='lat' dir='ltr'><strong>non</strong></span> <span class='ocrx_word' id='word_1_73' title='bbox 529 1173 698 1238; x_wconf 88' lang='lat' dir='ltr'><strong>contineri.</strong></span> 
     </span>
    </p>

    <p class='ocr_par' dir='ltr' id='par_1_6' title="bbox 96 1257 1113 1612">
     <span class='ocr_line' id='line_1_11' title="bbox 192 1257 1113 1348; baseline 0.001 -23"><span class='ocrx_word' id='word_1_74' title='bbox 192 1260 242 1326; x_wconf 80' lang='lat'><strong>15.</strong></span> <span class='ocrx_word' id='word_1_75' title='bbox 270 1257 308 1324; x_wconf 91' lang='lat' dir='ltr'><strong>D.</strong></span> <span class='ocrx_word' id='word_1_76' title='bbox 333 1260 385 1343; x_wconf 84' lang='lat'><strong>35,</strong></span> <span class='ocrx_word' id='word_1_77' title='bbox 412 1263 438 1344; x_wconf 90' lang='grc'><strong>1,</strong></span> <span class='ocrx_word' id='word_1_78' title='bbox 461 1260 512 1325; x_wconf 84' lang='grc'><strong>38.</strong></span> <span class='ocrx_word' id='word_1_79' title='bbox 536 1258 626 1325; x_wconf 87' lang='lat' dir='ltr'><strong>Idem</strong></span> <span class='ocrx_word' id='word_1_80' title='bbox 650 1258 706 1347; x_wconf 86' lang='lat' dir='ltr'><strong>(sc.</strong></span> <span class='ocrx_word' id='word_1_81' title='bbox 730 1259 865 1348; x_wconf 89' lang='lat' dir='ltr'><strong>Paulus)</strong></span> <span class='ocrx_word' id='word_1_82' title='bbox 895 1261 978 1326; x_wconf 89' lang='lat' dir='ltr'><strong>libro</strong></span> <span class='ocrx_word' id='word_1_83' title='bbox 1003 1262 1113 1347; x_wconf 84' lang='lat' dir='ltr'><strong>singu-</strong></span> 
     </span>
     <span class='ocr_line' id='line_1_12' title="bbox 97 1348 1112 1435; baseline 0 -21"><span class='ocrx_word' id='word_1_84' title='bbox 97 1350 160 1414; x_wconf 83' lang='lat' dir='ltr'><strong>lari</strong></span> <span class='ocrx_word' id='word_1_85' title='bbox 189 1348 228 1414; x_wconf 91' lang='lat' dir='ltr'><strong>de</strong></span> <span class='ocrx_word' id='word_1_86' title='bbox 256 1349 325 1413; x_wconf 88' lang='lat' dir='ltr'><strong>iure</strong></span> <span class='ocrx_word' id='word_1_87' title='bbox 349 1348 580 1414; x_wconf 84' lang='lat' dir='ltr'><strong>codicillorum.</strong></span> <span class='ocrx_word' id='word_1_88' title='bbox 604 1386 645 1396; x_wconf 97' lang='lat'><em>-</em></span> <span class='ocrx_word' id='word_1_89' title='bbox 748 1351 832 1433; x_wconf 89' lang='lat' dir='ltr'><strong>apud</strong></span> <span class='ocrx_word' id='word_1_90' title='bbox 855 1354 979 1416; x_wconf 85' lang='lat' dir='ltr'><strong>veteres</strong></span> <span class='ocrx_word' id='word_1_91' title='bbox 1003 1351 1112 1435; x_wconf 83' lang='lat' dir='ltr'><strong>legata</strong></span> 
     </span>
     <span class='ocr_line' id='line_1_13' title="bbox 96 1437 1113 1524; baseline 0 -21"><span class='ocrx_word' id='word_1_92' title='bbox 96 1438 181 1503; x_wconf 84' lang='lat' dir='ltr'><strong>talia</strong></span> <span class='ocrx_word' id='word_1_93' title='bbox 215 1437 319 1502; x_wconf 89' lang='lat' dir='ltr'><strong>fuere:</strong></span> <span class='ocrx_word' id='word_1_94' title='bbox 360 1437 529 1523; x_wconf 75' lang='lat' dir='ltr'><strong>‘quantum</strong></span> <span class='ocrx_word' id='word_1_95' title='bbox 558 1439 586 1502; x_wconf 93' lang='lat' dir='ltr'><strong>ei</strong></span> <span class='ocrx_word' id='word_1_96' title='bbox 623 1461 680 1521; x_wconf 92' lang='lat' dir='ltr'><strong>per</strong></span> <span class='ocrx_word' id='word_1_97' title='bbox 719 1440 892 1523; x_wconf 85' lang='lat' dir='ltr'><strong>epistulam</strong></span> <span class='ocrx_word' id='word_1_98' title='bbox 929 1439 1113 1524; x_wconf 79' lang='lat' dir='ltr'><strong>scripsero’3</strong></span> 
     </span>
     <span class='ocr_line' id='line_1_14' title="bbox 96 1526 1001 1612; baseline -0.001 -20"><span class='ocrx_word' id='word_1_99' title='bbox 96 1526 271 1612; x_wconf 66' lang='lat' dir='ltr'><strong>‘quantum</strong></span> <span class='ocrx_word' id='word_1_100' title='bbox 294 1548 333 1590; x_wconf 83' lang='lat' dir='ltr'><strong>ex</strong></span> <span class='ocrx_word' id='word_1_101' title='bbox 355 1526 413 1590; x_wconf 91' lang='lat' dir='ltr'><strong>illa</strong></span> <span class='ocrx_word' id='word_1_102' title='bbox 436 1526 562 1591; x_wconf 88' lang='lat' dir='ltr'><strong>actione</strong></span> <span class='ocrx_word' id='word_1_103' title='bbox 586 1527 764 1611; x_wconf 84' lang='lat' dir='ltr'><strong>detraxero,</strong></span> <span class='ocrx_word' id='word_1_104' title='bbox 787 1527 880 1593; x_wconf 92' lang='lat' dir='ltr'><strong>heres</strong></span> <span class='ocrx_word' id='word_1_105' title='bbox 905 1528 1001 1593; x_wconf 87' lang='lat' dir='ltr'><strong>dato&#39;.</strong></span> 
     </span>
    </p>
   </div>
   <div class='ocr_carea' id='block_1_5' title="bbox 447 1694 766 1777">
    <p class='ocr_par' dir='ltr' id='par_1_7' title="bbox 447 1694 766 1777">
     <span class='ocr_line' id='line_1_15' title="bbox 447 1694 766 1777; baseline 0.003 -16"><span class='ocrx_word' id='word_1_106' title='bbox 447 1694 497 1761; x_wconf 86' lang='lat' dir='ltr'><strong>Dc</strong></span> <span class='ocrx_word' id='word_1_107' title='bbox 518 1696 766 1777; x_wconf 73' lang='lat' dir='ltr'><strong>fideicommissis.</strong></span> 
     </span>
    </p>
   </div>
   <div class='ocr_carea' id='block_1_6' title="bbox 97 1808 1114 2320">
    <p class='ocr_par' dir='ltr' id='par_1_8' title="bbox 97 1808 1114 2232">
     <span class='ocr_line' id='line_1_16' title="bbox 192 1808 1114 1894; baseline 0.001 -20"><span class='ocrx_word' id='word_1_108' title='bbox 192 1810 243 1875; x_wconf 85' lang='lat'><strong>16.</strong></span> <span class='ocrx_word' id='word_1_109' title='bbox 267 1808 305 1874; x_wconf 90' lang='grc' dir='ltr'><strong>Ι).</strong></span> <span class='ocrx_word' id='word_1_110' title='bbox 329 1810 381 1893; x_wconf 85' lang='grc'><strong>35,</strong></span> <span class='ocrx_word' id='word_1_111' title='bbox 405 1811 435 1894; x_wconf 79' lang='lat'><strong>2,</strong></span> <span class='ocrx_word' id='word_1_112' title='bbox 458 1812 508 1875; x_wconf 85' lang='lat'><strong>31.</strong></span> <span class='ocrx_word' id='word_1_113' title='bbox 533 1810 730 1894; x_wconf 90' lang='lat' dir='ltr'><strong>Pomponius</strong></span> <span class='ocrx_word' id='word_1_114' title='bbox 745 1812 830 1876; x_wconf 90' lang='lat' dir='ltr'><strong>libro</strong></span> <span class='ocrx_word' id='word_1_115' title='bbox 854 1812 992 1877; x_wconf 89' lang='lat' dir='ltr'><strong>secundo</strong></span> <span class='ocrx_word' id='word_1_116' title='bbox 1012 1812 1114 1877; x_wconf 81' lang='lat' dir='ltr'><strong>Fidei·</strong></span> 
     </span>
     <span class='ocr_line' id='line_1_17' title="bbox 97 1900 1114 1984; baseline -0.002 -17"><span class='ocrx_word' id='word_1_117' title='bbox 97 1900 358 1967; x_wconf 91' lang='lat' dir='ltr'><strong>commissorum.</strong></span> <span class='ocrx_word' id='word_1_118' title='bbox 377 1935 419 1946; x_wconf 94' lang='lat'><em>-</em></span> <span class='ocrx_word' id='word_1_119' title='bbox 439 1948 468 1964; x_wconf 92' lang='lat'><strong>..</strong></span> <span class='ocrx_word' id='word_1_120' title='bbox 484 1949 490 1964; x_wconf 92' lang='lat'><strong>.</strong></span> <span class='ocrx_word' id='word_1_121' title='bbox 510 1901 684 1964; x_wconf 91' lang='lat' dir='ltr'><strong>secundum</strong></span> <span class='ocrx_word' id='word_1_122' title='bbox 757 1905 900 1964; x_wconf 87' lang='lat' dir='ltr'><strong>veterum</strong></span> <span class='ocrx_word' id='word_1_123' title='bbox 920 1902 1114 1984; x_wconf 87' lang='lat' dir='ltr'><strong>opinionem,</strong></span> 
     </span>
     <span class='ocr_line' id='line_1_18' title="bbox 98 1987 1113 2073; baseline -0.001 -19"><span class='ocrx_word' id='word_1_124' title='bbox 98 1991 129 2055; x_wconf 86' lang='lat' dir='ltr'><strong>si</strong></span> <span class='ocrx_word' id='word_1_125' title='bbox 153 2010 174 2053; x_wconf 89' lang='lat' dir='ltr'><strong>a</strong></span> <span class='ocrx_word' id='word_1_126' title='bbox 196 1987 321 2072; x_wconf 90' lang='lat' dir='ltr'><strong>pupillo</strong></span> <span class='ocrx_word' id='word_1_127' title='bbox 344 1987 592 2052; x_wconf 86' lang='lat' dir='ltr'><strong>fideicommissa</strong></span> <span class='ocrx_word' id='word_1_128' title='bbox 615 1990 793 2072; x_wconf 88' lang='lat' dir='ltr'><strong>capiuntur,</strong></span> <span class='ocrx_word' id='word_1_129' title='bbox 818 1995 951 2073; x_wconf 90' lang='lat' dir='ltr'><strong>propter</strong></span> <span class='ocrx_word' id='word_1_130' title='bbox 975 2012 1113 2073; x_wconf 85' lang='lat' dir='ltr'><strong>eaquae</strong></span> 
     </span>
     <span class='ocr_line' id='line_1_19' title="bbox 99 2077 1112 2160; baseline -0.002 -16"><span class='ocrx_word' id='word_1_131' title='bbox 99 2102 120 2144; x_wconf 87' lang='lat' dir='ltr'><strong>a</strong></span> <span class='ocrx_word' id='word_1_132' title='bbox 158 2077 336 2142; x_wconf 84' lang='lat' dir='ltr'><strong>substituto</strong></span> <span class='ocrx_word' id='word_1_133' title='bbox 379 2083 472 2141; x_wconf 89' lang='lat' dir='ltr'><strong>erunt</strong></span> <span class='ocrx_word' id='word_1_134' title='bbox 513 2077 639 2160; x_wconf 87' lang='lat' dir='ltr'><strong>relicta,</strong></span> <span class='ocrx_word' id='word_1_135' title='bbox 681 2098 792 2142; x_wconf 89' lang='lat' dir='ltr'><strong>cavere</strong></span> <span class='ocrx_word' id='word_1_136' title='bbox 830 2078 960 2141; x_wconf 86' lang='lat' dir='ltr'><strong>debebit</strong></span> <span class='ocrx_word' id='word_1_137' title='bbox 995 2078 1022 2140; x_wconf 90' lang='lat' dir='ltr'><strong>is</strong></span> <span class='ocrx_word' id='word_1_138' title='bbox 1061 2079 1112 2142; x_wconf 90' lang='lat' dir='ltr'><strong>cui</strong></span> 
     </span>
     <span class='ocr_line' id='line_1_20' title="bbox 99 2166 258 2232; baseline -0.019 0"><span class='ocrx_word' id='word_1_139' title='bbox 99 2166 258 2232; x_wconf 83' lang='lat' dir='ltr'><strong>solvatur.</strong></span> 
     </span>
    </p>

    <p class='ocr_par' dir='ltr' id='par_1_9' title="bbox 457 2253 776 2320">
     <span class='ocr_line' id='line_1_21' title="bbox 457 2253 776 2320; baseline 0.009 -3"><span class='ocrx_word' id='word_1_140' title='bbox 457 2253 506 2318; x_wconf 88' lang='lat' dir='ltr'><strong>De</strong></span> <span class='ocrx_word' id='word_1_141' title='bbox 528 2257 776 2320; x_wconf 76' lang='lat' dir='ltr'><strong>manumissione.</strong></span> 
     </span>
    </p>
   </div>
   <div class='ocr_carea' id='block_1_7' title="bbox 194 2367 1115 2455">
    <p class='ocr_par' dir='ltr' id='par_1_10' title="bbox 194 2367 1115 2455">
     <span class='ocr_line' id='line_1_22' title="bbox 194 2367 1115 2455; baseline 0 -21"><span class='ocrx_word' id='word_1_142' title='bbox 194 2370 244 2434; x_wconf 91' lang='grc'><strong>17.</strong></span> <span class='ocrx_word' id='word_1_143' title='bbox 267 2368 395 2455; x_wconf 82' lang='lat' dir='ltr'><strong>Fragm.</strong></span> <span class='ocrx_word' id='word_1_144' title='bbox 423 2368 524 2433; x_wconf 79' lang='lat' dir='ltr'><strong>Paris</strong></span> <span class='ocrx_word' id='word_1_145' title='bbox 553 2368 586 2435; x_wconf 88' lang='lat' dir='ltr'><strong>Z.</strong></span> <span class='ocrx_word' id='word_1_146' title='bbox 610 2370 638 2435; x_wconf 89' lang='lat' dir='ltr'><strong>d.</strong></span> <span class='ocrx_word' id='word_1_147' title='bbox 662 2367 793 2435; x_wconf 67' lang='lat' dir='ltr'><strong>Sua-St.</strong></span> <span class='ocrx_word' id='word_1_148' title='bbox 822 2368 945 2451; x_wconf 89' lang='lat' dir='ltr'>XVIII,</span> <span class='ocrx_word' id='word_1_149' title='bbox 974 2369 1046 2435; x_wconf 87' lang='grc'><strong>176.</strong></span> <span class='ocrx_word' id='word_1_150' title='bbox 1070 2405 1115 2416; x_wconf 92' lang='grc'><strong>-</strong></span> 
     </span>
    </p>
   </div>
   <div class='ocr_carea' id='block_1_8' title="bbox 101 2457 1114 2631">
    <p class='ocr_par' dir='ltr' id='par_1_11' title="bbox 101 2457 1114 2631">
     <span class='ocr_line' id='line_1_23' title="bbox 101 2457 1114 2544; baseline -0.002 -20"><span class='ocrx_word' id='word_1_151' title='bbox 101 2457 200 2542; x_wconf 85' lang='lat' dir='ltr'><strong>Apud</strong></span> <span class='ocrx_word' id='word_1_152' title='bbox 227 2462 350 2531; x_wconf 83' lang='lat' dir='ltr'><strong>veteres</strong></span> <span class='ocrx_word' id='word_1_153' title='bbox 369 2506 376 2522; x_wconf 86' lang='lat'><strong>·</strong></span> <span class='ocrx_word' id='word_1_154' title='bbox 392 2508 420 2522; x_wconf 88' lang='lat'><strong>··</strong></span> <span class='ocrx_word' id='word_1_155' title='bbox 440 2463 614 2541; x_wconf 90' lang='lat' dir='ltr'><strong>antequam</strong></span> <span class='ocrx_word' id='word_1_156' title='bbox 636 2457 828 2544; x_wconf 85' lang='lat' dir='ltr'><strong>&lt;in&gt;census</strong></span> <span class='ocrx_word' id='word_1_157' title='bbox 852 2458 1044 2542; x_wconf 82' lang='lat' dir='ltr'><strong>d0&lt;min&gt;us</strong></span> <span class='ocrx_word' id='word_1_158' title='bbox 1067 2459 1114 2522; x_wconf 93' lang='lat' dir='ltr'><strong>iu-</strong></span> 
     </span>
     <span class='ocr_line' id='line_1_24' title="bbox 102 2547 858 2631; baseline 0 -21"><span class='ocrx_word' id='word_1_159' title='bbox 102 2547 298 2629; x_wconf 86' lang='lat' dir='ltr'><strong>dicare&lt;tur,</strong></span> <span class='ocrx_word' id='word_1_160' title='bbox 321 2547 509 2631; x_wconf 87' lang='lat' dir='ltr'><strong>liberta&gt;tes</strong></span> <span class='ocrx_word' id='word_1_161' title='bbox 533 2548 680 2611; x_wconf 90' lang='lat' dir='ltr'><strong>obtinere</strong></span> <span class='ocrx_word' id='word_1_162' title='bbox 703 2548 858 2612; x_wconf 76' lang='lat' dir='ltr'><strong>constitIt.</strong></span> 
     </span>
    </p>
   </div>
   <div class='ocr_carea' id='block_1_9' title="bbox 426 2714 788 2798">
    <p class='ocr_par' dir='ltr' id='par_1_12' title="bbox 426 2714 788 2798">
     <span class='ocr_line' id='line_1_25' title="bbox 426 2714 788 2798; baseline -0.006 -17"><span class='ocrx_word' id='word_1_163' title='bbox 426 2714 477 2781; x_wconf 90' lang='lat' dir='ltr'><strong>De</strong></span> <span class='ocrx_word' id='word_1_164' title='bbox 492 2717 603 2797; x_wconf 83' lang='lat' dir='ltr'><strong>patria</strong></span> <span class='ocrx_word' id='word_1_165' title='bbox 621 2721 788 2798; x_wconf 79' lang='lat' dir='ltr'><strong>postestate.</strong></span> 
     </span>
    </p>
   </div>
   <div class='ocr_carea' id='block_1_10' title="bbox 100 2827 1115 3624">
    <p class='ocr_par' dir='ltr' id='par_1_13' title="bbox 100 2827 1115 3446">
     <span class='ocr_line' id='line_1_26' title="bbox 195 2827 1112 2916; baseline 0.003 -24"><span class='ocrx_word' id='word_1_166' title='bbox 195 2829 245 2895; x_wconf 88' lang='lat'><strong>18.</strong></span> <span class='ocrx_word' id='word_1_167' title='bbox 282 2827 317 2895; x_wconf 81' lang='lat' dir='ltr'><strong>(l.</strong></span> <span class='ocrx_word' id='word_1_168' title='bbox 344 2830 378 2915; x_wconf 84' lang='lat'><strong>5,</strong></span> <span class='ocrx_word' id='word_1_169' title='bbox 400 2832 435 2914; x_wconf 87' lang='lat'><strong>4,</strong></span> <span class='ocrx_word' id='word_1_170' title='bbox 459 2831 502 2895; x_wconf 77' lang='lat'><strong>25</strong></span> <span class='ocrx_word' id='word_1_171' title='bbox 512 2853 559 2913; x_wconf 94' lang='lat' dir='ltr'><strong>pr.</strong></span> <span class='ocrx_word' id='word_1_172' title='bbox 583 2834 611 2911; x_wconf 63' lang='grc' dir='ltr'><strong>ξ.</strong></span> <span class='ocrx_word' id='word_1_173' title='bbox 636 2831 665 2896; x_wconf 93' lang='lat'><strong>1.</strong></span> <span class='ocrx_word' id='word_1_174' title='bbox 696 2830 786 2894; x_wconf 89' lang='lat' dir='ltr'><strong>Idem</strong></span> <span class='ocrx_word' id='word_1_175' title='bbox 814 2828 872 2916; x_wconf 91' lang='lat' dir='ltr'><strong>(sc.</strong></span> <span class='ocrx_word' id='word_1_176' title='bbox 896 2829 1112 2912; x_wconf 83' lang='lat' dir='ltr'><strong>Iustinianus)</strong></span> 
     </span>
     <span class='ocr_line' id='line_1_27' title="bbox 100 2917 1113 3005; baseline -0.001 -21"><span class='ocrx_word' id='word_1_177' title='bbox 100 2917 143 2984; x_wconf 59' lang='lat' dir='ltr'>A</span> <span class='ocrx_word' id='word_1_178' title='bbox 166 2917 293 2983; x_wconf 89' lang='lat' dir='ltr'><strong>Iuliano</strong></span> <span class='ocrx_word' id='word_1_179' title='bbox 317 2941 369 3003; x_wconf 91' lang='lat' dir='ltr'><strong>pp.</strong></span> <span class='ocrx_word' id='word_1_180' title='bbox 394 2917 436 3005; x_wconf 90' lang='lat' dir='ltr'><strong>(a.</strong></span> <span class='ocrx_word' id='word_1_181' title='bbox 459 2918 550 3004; x_wconf 85' lang='lat'><strong>530).</strong></span> <span class='ocrx_word' id='word_1_182' title='bbox 578 2956 615 2965; x_wconf 92' lang='lat'>—</span> <span class='ocrx_word' id='word_1_183' title='bbox 641 2918 674 2983; x_wconf 86' lang='lat' dir='ltr'><strong>Si</strong></span> <span class='ocrx_word' id='word_1_184' title='bbox 697 2919 811 2987; x_wconf 82' lang='lat' dir='ltr'><strong>furiosi</strong></span> <span class='ocrx_word' id='word_1_185' title='bbox 842 2921 987 3002; x_wconf 88' lang='lat' dir='ltr'><strong>parentis</strong></span> <span class='ocrx_word' id='word_1_186' title='bbox 1011 2920 1113 3000; x_wconf 89' lang='lat' dir='ltr'><strong>liberi,</strong></span> 
     </span>
     <span class='ocr_line' id='line_1_28' title="bbox 102 3007 1115 3092; baseline 0 -20"><span class='ocrx_word' id='word_1_187' title='bbox 102 3008 138 3072; x_wconf 91' lang='lat' dir='ltr'><strong>in</strong></span> <span class='ocrx_word' id='word_1_188' title='bbox 172 3007 262 3072; x_wconf 88' lang='lat' dir='ltr'><strong>cuius</strong></span> <span class='ocrx_word' id='word_1_189' title='bbox 287 3011 449 3091; x_wconf 88' lang='lat' dir='ltr'><strong>potestate</strong></span> <span class='ocrx_word' id='word_1_190' title='bbox 483 3008 650 3072; x_wconf 88' lang='lat' dir='ltr'><strong>constituti</strong></span> <span class='ocrx_word' id='word_1_191' title='bbox 688 3012 775 3091; x_wconf 90' lang='lat' dir='ltr'><strong>sunt,</strong></span> <span class='ocrx_word' id='word_1_192' title='bbox 809 3008 940 3091; x_wconf 86' lang='lat' dir='ltr'><strong>nuptias</strong></span> <span class='ocrx_word' id='word_1_193' title='bbox 978 3015 1115 3092; x_wconf 86' lang='lat' dir='ltr'><strong>possunt</strong></span> 
     </span>
     <span class='ocr_line' id='line_1_29' title="bbox 102 3095 1113 3182; baseline -0.002 -21"><span class='ocrx_word' id='word_1_194' title='bbox 102 3095 305 3174; x_wconf 81' lang='lat' dir='ltr'><strong>contrahere,</strong></span> <span class='ocrx_word' id='word_1_195' title='bbox 330 3097 413 3179; x_wconf 88' lang='lat' dir='ltr'><strong>apud</strong></span> <span class='ocrx_word' id='word_1_196' title='bbox 436 3101 560 3161; x_wconf 88' lang='lat' dir='ltr'><strong>veteres</strong></span> <span class='ocrx_word' id='word_1_197' title='bbox 585 3097 779 3182; x_wconf 83' lang='lat' dir='ltr'><strong>agitabatur.</strong></span> <span class='ocrx_word' id='word_1_198' title='bbox 812 3101 844 3161; x_wconf 89' lang='lat' dir='ltr'><strong>et</strong></span> <span class='ocrx_word' id='word_1_199' title='bbox 863 3097 963 3160; x_wconf 89' lang='lat' dir='ltr'><strong>filiam</strong></span> <span class='ocrx_word' id='word_1_200' title='bbox 983 3097 1113 3180; x_wconf 90' lang='lat' dir='ltr'><strong>quidem</strong></span> 
     </span>
     <span class='ocr_line' id='line_1_30' title="bbox 102 3183 1113 3269; baseline -0.001 -20"><span class='ocrx_word' id='word_1_201' title='bbox 102 3183 221 3250; x_wconf 76' lang='lat' dir='ltr'><strong>furtosi</strong></span> <span class='ocrx_word' id='word_1_202' title='bbox 248 3185 366 3250; x_wconf 88' lang='lat' dir='ltr'><strong>marito</strong></span> <span class='ocrx_word' id='word_1_203' title='bbox 389 3207 483 3269; x_wconf 90' lang='lat' dir='ltr'><strong>posse</strong></span> <span class='ocrx_word' id='word_1_204' title='bbox 508 3186 651 3268; x_wconf 89' lang='lat' dir='ltr'><strong>copulari</strong></span> <span class='ocrx_word' id='word_1_205' title='bbox 675 3207 785 3250; x_wconf 89' lang='lat' dir='ltr'><strong>omnes</strong></span> <span class='ocrx_word' id='word_1_206' title='bbox 809 3207 911 3268; x_wconf 90' lang='lat' dir='ltr'><strong>paene</strong></span> <span class='ocrx_word' id='word_1_207' title='bbox 932 3186 1010 3250; x_wconf 90' lang='lat' dir='ltr'><strong>iuris</strong></span> <span class='ocrx_word' id='word_1_208' title='bbox 1030 3186 1113 3248; x_wconf 90' lang='lat' dir='ltr'><strong>anti·</strong></span> 
     </span>
     <span class='ocr_line' id='line_1_31' title="bbox 104 3273 1114 3358; baseline -0.002 -19"><span class='ocrx_word' id='word_1_209' title='bbox 104 3273 161 3358; x_wconf 91' lang='lat' dir='ltr'><strong>qui</strong></span> <span class='ocrx_word' id='word_1_210' title='bbox 185 3273 364 3338; x_wconf 89' lang='lat' dir='ltr'><strong>conditores</strong></span> <span class='ocrx_word' id='word_1_211' title='bbox 387 3274 598 3339; x_wconf 90' lang='lat' dir='ltr'><strong>admiserunt:</strong></span> <span class='ocrx_word' id='word_1_212' title='bbox 632 3274 775 3338; x_wconf 82' lang='lat' dir='ltr'><strong>sufficere</strong></span> <span class='ocrx_word' id='word_1_213' title='bbox 800 3275 885 3338; x_wconf 91' lang='lat' dir='ltr'><strong>enim</strong></span> <span class='ocrx_word' id='word_1_214' title='bbox 908 3277 1114 3357; x_wconf 84' lang='lat' dir='ltr'><strong>putaverunt,</strong></span> 
     </span>
     <span class='ocr_line' id='line_1_32' title="bbox 105 3362 568 3446; baseline -0.002 -20"><span class='ocrx_word' id='word_1_215' title='bbox 105 3364 133 3427; x_wconf 89' lang='lat' dir='ltr'><strong>si</strong></span> <span class='ocrx_word' id='word_1_216' title='bbox 156 3366 250 3446; x_wconf 87' lang='lat' dir='ltr'><strong>pater</strong></span> <span class='ocrx_word' id='word_1_217' title='bbox 271 3383 338 3427; x_wconf 90' lang='lat' dir='ltr'><strong>non</strong></span> <span class='ocrx_word' id='word_1_218' title='bbox 361 3362 568 3428; x_wconf 86' lang='lat' dir='ltr'><strong>contradicat.</strong></span> 
     </span>
    </p>

    <p class='ocr_par' dir='ltr' id='par_1_14' title="bbox 106 3449 1114 3624">
     <span class='ocr_line' id='line_1_33' title="bbox 197 3449 1114 3534; baseline -0.002 -19"><span class='ocrx_word' id='word_1_219' title='bbox 197 3451 249 3515; x_wconf 90' lang='grc'><strong>19.</strong></span> <span class='ocrx_word' id='word_1_220' title='bbox 294 3449 375 3515; x_wconf 87' lang='lat' dir='ltr'><strong>Gell.</strong></span> <span class='ocrx_word' id='word_1_221' title='bbox 408 3451 438 3534; x_wconf 83' lang='lat'><strong>5,</strong></span> <span class='ocrx_word' id='word_1_222' title='bbox 467 3451 518 3533; x_wconf 89' lang='grc'><strong>19,</strong></span> <span class='ocrx_word' id='word_1_223' title='bbox 548 3453 596 3516; x_wconf 87' lang='grc'><strong>13.</strong></span> <span class='ocrx_word' id='word_1_224' title='bbox 628 3454 677 3516; x_wconf 83' lang='grc'><strong>14.</strong></span> <span class='ocrx_word' id='word_1_225' title='bbox 712 3487 749 3498; x_wconf 88' lang='grc'><strong>-</strong></span> <span class='ocrx_word' id='word_1_226' title='bbox 869 3451 897 3514; x_wconf 89' lang='lat' dir='ltr'><strong>si</strong></span> <span class='ocrx_word' id='word_1_227' title='bbox 937 3451 1017 3514; x_wconf 90' lang='lat' dir='ltr'><strong>iuris</strong></span> <span class='ocrx_word' id='word_1_228' title='bbox 1049 3451 1114 3515; x_wconf 87' lang='lat' dir='ltr'><strong>ista</strong></span> 
     </span>
     <span class='ocr_line' id='line_1_34' title="bbox 106 3539 1114 3624; baseline -0.002 -20"><span class='ocrx_word' id='word_1_229' title='bbox 106 3539 285 3624; x_wconf 89' lang='lat' dir='ltr'><strong>antiquitas</strong></span> <span class='ocrx_word' id='word_1_230' title='bbox 309 3544 462 3624; x_wconf 82' lang='lat' dir='ltr'><strong>servetur,</strong></span> <span class='ocrx_word' id='word_1_231' title='bbox 490 3541 587 3603; x_wconf 89' lang='lat' dir='ltr'><strong>etiam</strong></span> <span class='ocrx_word' id='word_1_232' title='bbox 611 3562 721 3605; x_wconf 87' lang='lat' dir='ltr'><strong>servus</strong></span> <span class='ocrx_word' id='word_1_233' title='bbox 746 3562 765 3604; x_wconf 88' lang='lat' dir='ltr'><strong>a</strong></span> <span class='ocrx_word' id='word_1_234' title='bbox 789 3540 918 3604; x_wconf 92' lang='lat' dir='ltr'><strong>domino</strong></span> <span class='ocrx_word' id='word_1_235' title='bbox 944 3561 1001 3624; x_wconf 92' lang='lat' dir='ltr'><strong>per</strong></span> <span class='ocrx_word' id='word_1_236' title='bbox 1024 3561 1114 3620; x_wconf 89' lang='lat' dir='ltr'><strong>prae·</strong></span> 
     </span>
    </p>
   </div>
   <div class='ocr_carea' id='block_1_11' title="bbox 0 0 1229 3976">
    <p class='ocr_par' dir='ltr' id='par_1_15' title="bbox 0 0 1229 3976">
     <span class='ocr_line' id='line_1_35' title="bbox 0 0 1229 3976; baseline 0 0"><span class='ocrx_word' id='word_1_237' title='bbox 0 0 1229 3976; x_wconf 95' lang='lat' dir='ltr'><strong> </strong></span> 
     </span>
    </p>
   </div>
  </div>
 </body>
</html>
