2422 3976
340 175 365 226 9.
385 169 535 226 CAELIUS
555 169 708 227 SABINUS
975 173 1044 239 255

323 341 352 400 2.
385 339 479 398 Iuris
503 339 628 400 civilis
650 339 746 399 libri.

119 444 242 506 Praeter
268 445 379 506 librum
407 445 445 505 ad
471 445 603 505 edictum
631 446 775 505 aedilium
799 448 950 508 curulium
972 449 1046 510 iuris

69 550 148 610 ioque
176 534 274 596 civilis
301 534 395 594 libros
419 532 554 595 Caelium
582 534 710 595 edidisse
738 536 855 613 reliqua
877 538 942 598 eius
965 537 1046 617 frag·

70 625 131 683 enta
153 617 305 684 indicant.

353 704 403 772 De
425 706 589 773 hereditate
612 708 721 774 leuati.

119 815 146 878 1.
170 812 242 878 Gai.
256 814 286 892 3,
300 814 352 878 70.
379 851 416 861 -
441 863 472 879 ..
496 816 524 879 si
548 836 620 879 cum
643 816 754 880 liberis
779 816 846 880 suis
871 817 970 881 etiam
994 838 1045 880 ex·

70 923 182 968 aueum·
200 902 350 967 heredem
373 906 531 988 patronus
555 904 733 989 reliquerit,
756 903 885 969 Caelius
905 903 1045 970 Sabinus

70 995 169 1057 ttota
187 992 275 1056 bona
292 1013 350 1075 pro
370 992 516 1056 virilibus
536 994 684 1076 partibus
704 993 745 1058 ad
763 994 885 1059 liberos
904 993 1047 1060 defuncti

69 1080 203 1162 intinere,
236 1080 313 1164 quia
340 1102 414 1146 eum
441 1085 612 1147 extraneus
640 1083 735 1147 heres
763 1082 952 1164 intervenit,
979 1105 1045 1148 non

69 1167 128 1234 ibet
147 1170 201 1234 lex
218 1167 312 1234 Iunia
329 1171 446 1253 locum,
471 1170 527 1234 sed
546 1171 863 1236 senatusconsultum
883 1169 941 1256 (sc.
952 1170 1044 1256 Lupo

69 1255 192 1344 *Largo
215 1258 404 1323 consulibus
426 1256 575 1346 factum).

117 1353 153 1412 cf.
169 1350 235 1411 Gai.
251 1353 281 1430 3,
296 1352 346 1413 63.

443 1435 493 1501 De
516 1437 632 1519 lupatis.
859 1505 860 1508 ,

117 1543 146 1608 2.
171 1541 367 1626 (amalec.
385 1578 429 1591 —
516 1541 655 1608 Sabinus
680 1591 705 1608 ..
729 1547 762 1607 et
781 1541 912 1609 Cassius
934 1545 1046 1608 ceteri·

69 1651 92 1694 ie
113 1631 219 1696 nostri
241 1637 475 1716 praeceptores,
499 1634 585 1716 quod
607 1633 656 1696 ita
678 1632 823 1717 legatum
847 1634 891 1698 sit
909 1630 966 1718 (sc.
989 1655 1047 1716 per

69 1719 303 1805 odinationem),
326 1719 439 1785 statim
462 1726 538 1805 post
557 1721 679 1785 aditam
696 1720 909 1786 hereditatem
927 1726 1046 1804 putant

69 1809 98 1872 ui
125 1809 288 1894 legatarii,
316 1808 443 1873 etiamsi
468 1809 596 1894 ignoret
621 1808 684 1873 sibi
706 1810 851 1893 legatum
876 1831 960 1893 esse,
989 1811 1047 1875 sed

69 1903 242 1983 istaequam
279 1896 389 1962 scierit
421 1903 453 1962 et
484 1897 686 1982 (spreverit)
718 1898 877 1984 legatum,
910 1900 1045 1983 proinde

69 2006 99 2051 se
122 1991 218 2071 atque
241 1987 270 2050 si
292 1987 437 2072 legatum
461 2009 528 2051 non
552 1991 647 2052 esset.

117 2082 154 2142 cf.
169 2079 234 2141 Gai.
250 2082 280 2157 2,
295 2082 369 2141 200.

116 2167 146 2232 3.
176 2164 217 2229 D.
231 2165 282 2247 15,
296 2166 360 2249 2‚1
384 2166 426 2245 ἐξ
441 2163 529 2230 5-7.
574 2163 736 2248 Ulpianus
760 2165 843 2230 libro
869 2164 1045 2229 vicensimo

69 2275 114 2320 mo
140 2252 182 2319 ad
206 2254 346 2318 edictum
370 2250 419 2337 (P.
434 2250 521 2339 859).
546 2252 642 2317 -In
666 2252 862 2318 alienatione
886 2253 1047 2336 accipitur

69 2342 138 2426 ique
167 2343 328 2419 venditor,
356 2341 412 2426 qni
439 2342 565 2407 actione
595 2342 634 2407 ds
661 2342 787 2425 peculio
811 2343 898 2406 intra
922 2363 1045 2405 annum

69 2436 166 2496 netur.
208 2431 264 2494 sed
288 2434 321 2495 et
346 2433 373 2495 si
397 2430 530 2495 donavit
554 2452 681 2496 servum
705 2478 736 2495 ..
759 2432 793 2494 in
816 2432 926 2494 eadem
946 2451 1047 2494 causa

69 2523 88 2584 t.
136 2519 216 2584 item
247 2519 341 2584 heres
374 2520 442 2584 eius
475 2521 529 2604 qni
562 2542 691 2584 servum
723 2519 847 2602 legavit
878 2540 943 2582 non
972 2540 1046 2583 oum

71 2608 165 2674 oulio.
211 2629 288 2672 nam
312 2609 340 2671 si
363 2629 436 2674 cum
459 2609 586 2691 peculio
609 2609 659 2672 vel
683 2608 807 2690 legavit
829 2607 881 2671 vel
905 2607 1046 2671 liberum

69 2718 99 2762 se
125 2696 235 2781 iussit,
261 2697 462 2783 quaestionis
490 2696 563 2762 fuit.
613 2704 646 2761 et
672 2697 752 2760 mihi
781 2697 888 2765 verius
918 2696 1045 2761 videtur

69 2807 94 2850 u
116 2784 258 2849 dandam
281 2807 384 2870 neque
407 2787 441 2850 in
460 2787 695 2851 manumissum
714 2806 817 2868 neque
835 2783 870 2849 in
889 2807 972 2869 eum,
995 2787 1046 2850 cui

69 2877 172 2960 patum
200 2873 245 2938 sit
270 2874 432 2956 peculium
460 2876 498 2939 de
526 2875 651 2958 peculio
680 2874 850 2939 actionem.
895 2896 938 2938 an
967 2894 1045 2958 ergo

69 2966 179 3029 neatnr
200 2962 318 3027 heres?
355 2967 388 3027 et
411 2965 458 3028 ait
480 2961 626 3029 Caelius¹
648 2964 760 3047 teneri,
783 2964 860 3047 quia
882 2964 1046 3048 peculium

69 3073 125 3119 nee
153 3073 231 3117 eum
258 3052 303 3116 sit
328 3052 383 3135 qui
406 3053 563 3118 tradendo
586 3052 620 3116 id
643 3053 802 3137 legatario
826 3074 860 3117 se
883 3052 1046 3117 liberavit.

366 3211 416 3278 De
438 3213 574 3278 libertate
595 3213 710 3277 relicto.

114 3321 147 3388 4.
180 3319 220 3386 D.
238 3319 291 3400 35,
312 3321 341 3399 1,
359 3321 410 3403 72,
430 3321 459 3384 l.
510 3318 600 3383 Idem
633 3317 692 3407 (sc.
712 3316 927 3403 Papinianus)
960 3316 1045 3381 libro

69 3414 144 3474 tavo
168 3409 293 3474 decimo
318 3407 550 3485 Quaestionum
574 3405 624 3493 (P.
638 3405 728 3493 272).
751 3443 794 3454 -
817 3405 947 3472 Falsum
972 3427 1044 3470 con·

100 3552 114 3601 1
136 3547 186 3603 Fr.
206 3544 354 3603 Caecilius.
