2422 3976
92 191 160 256 460
195 190 229 245 V.
248 189 398 245 NERVAE
417 188 464 245 ΕΤ
482 188 636 244 TRAIANI
653 187 760 243 TEMP.
779 187 876 243 IURIS
895 187 1074 245 CONSULTI

94 357 231 433 interest,
261 359 367 418 abnm
397 373 435 417 ea
465 353 677 417 numeratione
701 352 838 434 pecnnia
868 353 913 417 ad
943 372 1014 416 eam
1042 353 1107 416 sine

94 464 190 510 oaasa
212 463 256 506 an
272 463 331 524 per
353 442 611 523 ooeeptitationem
630 441 808 522 perrenerit.

186 532 216 595 6.
240 531 280 595 D.
294 531 346 612 23,
361 532 390 611 3,
404 532 456 594 57.
495 529 665 594 Iavolenus
684 529 768 594 libro
788 529 892 614 primo
913 551 953 593 ex
972 528 1106 593 Plautio.

95 657 138 667 -
162 621 312 701 Naptara
337 619 404 700 filio
428 619 573 700 familias
598 620 627 682 si
652 638 751 682 sooero
774 619 870 682 dotem
893 619 940 681 ita
964 614 1106 682 dixerit¹:

95 708 188 793 ‘qnod
212 709 299 790 filias
326 713 397 772 tans
420 707 497 772 mibi
519 707 613 783 debet,
640 708 674 771 id
695 708 760 771 doti
783 706 839 771 tibi
860 706 940 784 erit',
968 708 1109 771 interesse

90 803 178 882 pato,
199 801 306 861 atram
326 795 388 878 fita·
410 796 551 878 obtipotio
574 816 618 859 an
634 797 740 878 patris
756 796 927 877 persecutio
947 800 977 859 et
994 797 1030 859 in
1047 816 1108 860 rem

95 906 217 952 versam
249 882 398 950 dictioni8
430 885 629 949 contineatur.
679 904 755 947 nam
781 885 809 948 si
836 886 871 948 id
901 886 985 966 qaod
1009 883 1109 966 filiam

96 975 172 1040 dare
189 978 303 1056 oportet
318 974 526 1056 sipnisieatnm
545 978 596 1052 est,
620 977 683 1036 tota
694 974 838 1055 pecnnia,
860 973 896 1036 in
914 993 1010 1054 qaam
1027 973 1110 1054 filins

97 1062 248 1145 oblipatas
274 1067 330 1144 est,
355 1059 505 1126 dictioni*
527 1063 605 1125 dotis
628 1062 844 1138 oontinebitnr;
872 1062 925 1125 sin
946 1065 1049 1126 aretem
1070 1062 1109 1141 id,

98 1153 180 1234 qaod
196 1156 318 1232 patrem
341 1152 377 1215 de
393 1151 513 1232 pemtio
536 1150 581 1214 od
603 1150 639 1213 in
661 1171 725 1214 rem
747 1170 831 1214 oerso
846 1155 1009 1230 praestare
1026 1171 1108 1232 opor-

98 1239 219 1323 te[bi]t,
242 1241 405 1304 aestimare
426 1239 539 1303 debebit
555 1244 705 1320 qaantam
723 1240 765 1304 sit
781 1259 813 1303 eo
833 1243 965 1321 tempore
985 1241 1019 1303 id
1034 1239 1111 1322 qaod

98 1325 238 1406 dioitarss,
266 1333 363 1391 ntea
390 1349 512 1392 samma
538 1329 618 1392 dotis
644 1348 704 1392 esse
728 1329 876 1411 oideatar,
903 1347 968 1408 aaa
992 1333 1109 1408 patrem

98 1437 131 1482 oo
154 1422 284 1498 tempore
305 1417 511 1498 pronomine
533 1418 731 1480 condemnari
752 1413 928 1498 oporteret4.
970 1416 1108 1499 [quodsi

99 1525 164 1570 non
181 1507 331 1570 eoidmter
349 1506 505 1588 apparuit,
523 1506 559 1569 de
576 1506 663 1570 onias
681 1505 791 1568 matier
809 1503 994 1586 obtipatione
1011 1505 1107 1583 sensit,

94 1595 375 1675 praesumptionem
402 1596 446 1659 ad
468 1595 531 1676 fiai·
557 1593 691 1658 debitam
717 1599 850 1674 spectare
872 1594 1039 1658 verisimile
1060 1597 1107 1674 est,

99 1683 165 1746 nisi
187 1683 407 1746 evidentissime
429 1683 620 1747 contrariam
642 1683 852 1765 adprobetarJ

188 1794 224 1852 oi.
250 1793 438 1852 Gradenwitz
462 1794 492 1852 Z.
517 1793 544 1852 d.
570 1793 696 1854 San-St.
720 1793 792 1871 Vll,
816 1795 912 1869 tasq.

401 1965 450 2031 De
471 1966 647 2030 hereditatis
664 1967 816 2048 petitione.

191 2082 219 2145 7.
242 2081 281 2146 Ι).
296 2082 326 2165 5,
341 2082 370 2164 3,
384 2081 436 2146 44.
480 2079 652 2144 Iavolenus
676 2080 758 2145 libro
782 2080 887 2163 primo
913 2102 952 2144 ex
975 2081 1103 2145 Plautio.

103 2207 141 2216 —
171 2169 248 2235 Cam
272 2172 312 2249 is,
340 2170 394 2250 qai
417 2170 548 2251 tepatam
571 2191 607 2233 eoo
630 2174 804 2234 testamento
821 2172 971 2252 percepit,
999 2170 1104 2234 beredi-

101 2265 192 2323 totem
214 2262 304 2340 petit,
332 2260 361 2323 si
388 2259 520 2340 tepatam
547 2279 732 2339 qaooamqne
758 2260 847 2322 modo
874 2261 1030 2324 redditam
1050 2278 1103 2322 non

99 2350 153 2426 sit,
181 2349 293 2413 indicis
318 2348 419 2430 officio
442 2348 621 2423 eontinetar,
647 2352 682 2411 at
703 2349 810 2411 oiotori
832 2349 958 2412 dednoto
981 2369 1014 2413 eo
1035 2346 1105 2429 qnod

101 2438 216 2519 aceepit
237 2439 415 2501 rostitaatar
436 2435 593 2499 hereditas.

523 2653 631 2712 Liber
653 2654 691 2712 ΙΙ.

402 2772 452 2837 De
473 2774 621 2854 emptione
643 2773 819 2836 venditione.

191 2888 219 2951 8.
245 2889 283 2952 D.
294 2890 345 2972 18,
356 2890 385 2971 2,
397 2889 446 2953 19.
483 2886 654 2950 Iavolenus
669 2888 751 2951 libro
767 2888 907 2954 seeundo
925 2911 964 2953 ex
978 2887 1104 2951 Plautio.

101 3011 146 3021 -
168 2976 281 3041 Fando
308 2979 343 3040 in
369 2979 449 3041 diem
477 2978 596 3040 addicto
624 2977 653 3040 si
673 2981 780 3057 postea
802 2979 940 3058 pretinm
965 2979 1102 3042 adiectam

101 3070 146 3129 est
176 3069 204 3128 et
234 3068 369 3130 venditor
400 3067 463 3129 abio
494 3066 592 3144 fando
623 3066 769 3146 applicito
797 3087 866 3128 enm
893 3068 997 3147 ipsam
1020 3063 1103 3148 fandi

94 3155 263 3235 posteriori
294 3156 423 3237 emptori
454 3155 575 3218 addixit
606 3159 633 3216 et
665 3153 698 3216 id
728 3155 794 3217 sine
826 3155 894 3218 doto
926 3156 1009 3219 mato
1032 3153 1100 3235 feeit

94 3244 200 3324 priori
222 3245 349 3323 emptori
371 3243 520 3324 obtipatas
543 3264 605 3305 noa
628 3243 692 3305 erit.
733 3263 808 3305 nam
831 3246 975 3323 qaamois
997 3263 1055 3307 non
1074 3238 1103 3302 id

101 3335 236 3409 tantam,
264 3333 345 3412 qaod
371 3336 406 3394 in
428 3334 509 3395 diem
531 3333 686 3395 addictam
709 3337 786 3408 erat,
814 3334 867 3396 sed
888 3333 979 3397 alind
999 3346 1101 3413 qaoque

173 3493 187 3540 1
211 3488 285 3543 Trib.
304 3486 472 3556 promiserit.
538 3493 553 3540 2
576 3488 649 3542 Trib.
669 3486 856 3556 promissioni.
917 3495 933 3542 3
955 3488 1028 3542 Trib.
1045 3497 1097 3553 pro·

99 3557 230 3614 mittitur.
303 3565 321 3612 4
340 3559 386 3614 Fz.
406 3560 555 3627 oportebit.
