2422 3976
483 175 508 226 τ.
527 168 716 226 Puocunus
1042 171 1118 241 153Ι

115 333 163 396 aut
180 330 367 397 hereditatis
391 332 522 397 nomine
544 331 716 401 relicturus
740 353 787 417 es,
812 335 904 417 potes
927 337 1061 418 rogatus
1086 357 1106 398 a

113 439 155 485 ue
186 421 276 488 uxori
311 441 402 487 meae
440 421 618 507 relinquere
651 424 684 484 et
714 442 780 486 non
811 422 935 496 videtur
966 444 1004 488 ea
1036 444 1106 488 esse

115 505 235 589 donatio,
249 508 331 592 quia
354 508 436 575 nihil
460 530 498 574 cx
521 509 615 576 bonis
639 509 718 575 meis
741 510 945 577 deminuitur.
984 511 1018 575 in
1042 534 1105 598 quo

116 597 234 664 neuma
260 597 399 662 maiores
423 596 559 663 donanti
582 599 775 663 succurrisse
797 597 953 664 Proculus
978 601 1037 680 ait,
1064 623 1106 665 ne

117 704 207 751 amore
221 685 356 752 alterins
370 687 452 751 alter
466 685 708 771 despoliaretur,
721 708 789 751 non
803 687 1106 772 quasimalivolos1,

116 791 147 839 no
166 774 242 841 alter
263 773 457 858 locupletior
479 774 578 840 fieret.

125 856 132 876 ”
186 861 250 931 56?
283 867 317 929 Si
346 867 425 929 filiae
452 868 583 929 familias
614 868 701 929 uxori
730 868 857 929 maritus
884 867 989 928 mortis
1017 887 1109 930 causa

115 954 208 1037 tradet,
236 956 426 1018 donationem
452 975 513 1017 non
539 958 655 1034 valere,
688 957 746 1018 etsi
774 957 844 1018 vivo
872 957 970 1016 adhuc
997 958 1106 1018 marito

117 1043 152 1103 sui
170 1044 241 1107 iuris
263 1045 357 1108 fuerit
380 1045 491 1116 effecte,
515 1045 662 1106 Proculus
684 1045 814 1107 fortasse
839 1045 1031 1106 existimavit.
1069 1047 1106 1107 cl.

115 1127 346 1213 o.24,1,11,a
371 1125 413 1216 (v.
431 1133 471 1213 Π,
492 1136 509 1194 1
533 1155 563 1211 p.
577 1127 667 1217 499).

185 1217 250 1283 57?
273 1222 354 1283 Num
370 1223 451 1300 quod
468 1223 494 1282 is
512 1223 565 1299 qui
582 1222 719 1283 infirmae
738 1222 919 1284 valetudinis
938 1226 985 1282 est
1001 1222 1106 1283 mortis

117 1324 192 1370 cauea
213 1311 315 1387 donat,
339 1310 525 1371 condictione
549 1315 684 1387 repetere
706 1311 803 1388 possit
826 1331 893 1371 cum
912 1311 1107 1387 convaluerit,

117 1392 243 1571 Prpptplns
267 1399 388 1463 videtur
410 1398 572 1463 dubitasse.
618 1400 655 1461 cf.
678 1399 714 1458 D.
730 1401 781 1478 39,
797 1403 825 1475 6,
840 1401 926 1473 35,3
949 1391 992 1481 (v.
1015 1417 1108 1476 supro,

115 1501 135 1558 P·
200 1529 208 1549 ι

358 1593 406 1655 Dc
426 1610 526 1655 rouen
548 1598 712 1654 enatorum
733 1594 849 1655 cadulo.

185 1712 236 1778 58.
259 1710 300 1777 D.
315 1711 412 1795 aba,
427 1715 455 1779 1.
491 1712 611 1777 Paulus
629 1712 713 1778 libro
732 1715 871 1797 septimo
890 1714 930 1778 ad
951 1661 1113 1779 Sabinum*

112 1795 149 1884 (P.
171 1799 281 1888 1733).
313 1836 358 1849 -
390 1800 511 1866 Rerum
546 1804 727 1867 amotarum
758 1801 911 1867 iudicium
944 1803 1108 1887 singulare

110 1884 318 1956 introductum
345 1893 396 1954 est
423 1889 577 1955 adversus
607 1911 679 1954 eam
708 1911 789 1974 quae
816 1912 897 1956 uxor
922 1890 999 1972 fuit,
1032 1893 1108 1974 quia

109 1994 162 2043 uon
196 1979 322 2064 placuit
353 2000 425 2044 cum
458 2000 498 2043 ea
528 1978 607 2042 furti
639 1999 733 2063 agere
765 2000 875 2063 posse,
912 1979 1106 2062 quibusdam

61 2100 63 2115 ι
109 2067 358 2132 existimantibus
381 2088 422 2130 ne
441 2067 571 2151 quidem
590 2067 712 2131 furtum
732 2089 802 2132 eam
822 2067 936 2151 facere,
958 2068 1108 2151 ...aliis

107 2159 135 2220 ut
163 2153 287 2222 Sabino
319 2158 352 2219 et
378 2154 530 2239 Proculo,
561 2152 701 2220 furtum2
733 2155 861 2239 quidem
895 2177 966 2219 eam
994 2156 1109 2238 facere,

106 2243 191 2312 aaa
217 2244 287 2309 filia
314 2243 401 2323 patri
428 2243 541 2327 faciat,
569 2242 625 2308 sed
651 2244 730 2308 furti
757 2265 823 2309 non
852 2265 920 2308 esse
950 2245 1108 2308 actionem

105 2334 275 2398 constituto
299 2331 378 2396 iure.

184 2427 222 2488 cf.
246 2426 378 2486 Nervam
399 2425 481 2503 11,1
506 2446 533 2501 p.
550 2426 624 2504 306,
648 2424 782 2486 Cassium
806 2444 897 2501 supra
920 2445 949 2500 p.
964 2427 1015 2485 57.

185 2526 239 2592 59.
270 2525 308 2592 D.
327 2524 381 2611 25,
400 2527 430 2610 2,
443 2527 478 2608 ὃ,
496 2528 528 2590 4.
574 2527 693 2591 Paulus
721 2527 804 2591 libro
829 2527 966 2609 septimo
990 2525 1030 2590 ad
1054 2524 1109 2591 Sa-

102 2613 212 2680 binum
230 2612 281 2702 (P.
303 2612 412 2701 1774).
434 2649 472 2663 -
493 2613 581 2679 Mela
599 2613 763 2680 Fulcinius
786 2616 877 2679 aiunt
971 2614 999 2679 si
1016 2618 1110 2699 pater

102 2703 252 2769 adiuncta
273 2703 343 2768 filia
363 2703 411 2768 rei
431 2699 579 2769 ucoriaa³
602 2707 689 2789 agat,
711 2726 775 2769 non
800 2704 893 2768 aliter
916 2704 945 2767 ei
969 2703 1108 2768 dandam

101 2793 273 2872 actionem,
296 2813 393 2877 quam
416 2792 444 2856 si
471 2792 573 2856 filiam
601 2814 707 2856 rerum
731 2796 911 2857 amotarum
934 2792 1051 2858 iudicio
1074 2794 1109 2857 in

100 2880 239 2947 solidum
271 2883 304 2945 et
337 2901 409 2945 oum
438 2879 649 2945 satisdatione
677 2880 836 2945 defendat.
891 2881 947 2945 sed
980 2886 1109 2946 mortua

97 2969 165 3034 filia
192 2970 228 3034 in
257 2971 385 3054 patrem
412 2989 520 3032 rerum
547 2973 728 3033 amotarum
756 2969 916 3034 actionem
946 2969 1015 3034 dari
1044 2991 1110 3035 non

98 3061 249 3144 oportere
276 3056 433 3122 Proculus
461 3058 520 3137 ait,
546 3057 610 3121 nisi
638 3061 794 3143 quatenus
823 3079 861 3122 ex
890 3079 928 3123 ea
954 3080 988 3122 re
1016 3065 1110 3142 pater

97 3146 293 3232 locupletior
317 3146 369 3211 sit.

172 3326 187 3375 1
207 3320 362 3376 Mommsen
381 3319 513 3376 emendat
532 3306 698 3390 ‘malivolo⁵,
717 3321 748 3375 at
766 3339 792 3376 v.
809 3320 931 3376 Kuebler
949 3321 977 3374 Z.
992 3319 1019 3372 d.
1035 3317 1110 3372 San.-

97 3389 137 3447 st.
155 3389 198 3446 XI
235 3396 300 3447 .4‘1.

169 3469 186 3519 2
247 3503 253 3515 .
272 3460 357 3519 furto.

170 3538 188 3587 8
209 3532 283 3589 Prot.
303 3533 338 3588 de
356 3532 431 3590 dot.
