2422 3976
387 185 412 234 4.
432 180 462 238 C.
478 179 622 236 cessitis
641 180 826 239 LONGINUS
1068 185 1110 248 67

482 393 529 452 Dc
550 395 733 467 usucapione.

190 522 264 586 120.
288 519 328 586 D.
342 521 396 602 41,
411 522 440 603 3,
457 522 551 604 lOpr.
593 520 754 605 Ulpianus
772 521 855 587 libro
875 526 966 589 sexto
986 523 1110 590 decimo

106 610 139 674 ad
161 610 302 676 edictum
323 607 372 697 (P.
387 606 491 697 5701).
510 646 552 656 -
572 608 606 675 Si
626 609 799 675 alienares
817 611 904 675 bona
922 612 984 676 lide
1002 617 1111 696 empta

104 699 156 784 sit,
188 700 369 784 quaeritur,
402 701 438 763 ut
466 699 619 782 usucapio
647 703 768 780 currat,
801 703 908 764 utrum
936 700 1109 785 emptionis

106 787 232 853 initium
259 791 295 852 ut
318 787 437 852 bonam
465 787 561 851 fidem
588 787 709 852 habeat
738 787 910 871 exigimus,
938 811 980 853 an
1012 788 1110 855 tradi-

102 876 220 942 tionis.
237 880 270 940 et
288 875 431 960 optinuit
446 873 556 940 Sabini
577 879 610 940 et
624 873 729 940 Cassii
748 877 909 941 sententia
928 877 1111 944 traditionis

101 966 230 1030 initium
255 963 474 1048 spectandum.

189 1054 262 1119 121.
287 1052 326 1118 D.
340 1052 393 1136 41,
407 1052 437 1135 3,
451 1053 482 1134 4,
499 1053 549 1117 16.
586 1050 707 1116 Paulus
720 1052 805 1116 libro
821 1053 1110 1139 quinquagensimo

100 1147 216 1228 quarto
238 1141 279 1207 ad
299 1141 437 1206 edictum
457 1140 506 1227 (P.
522 1138 612 1224 613).
630 1177 672 1187 -
692 1142 933 1225 ...quaeritur,
953 1141 981 1207 si
1000 1164 1110 1208 servus

99 1253 188 1296 meus
228 1229 393 1310 ancillam,
430 1251 527 1314 quam
560 1229 736 1313 subripuit,
771 1250 832 1312 pro
869 1229 1019 1295 libertate
1053 1255 1111 1298 sua

98 1320 178 1385 mibi
197 1318 330 1403 dederit,
349 1340 390 1383 an
408 1321 538 1402 partum
557 1318 642 1402 apud
661 1339 712 1381 me
730 1321 919 1402 conceptum
936 1341 1111 1404 usucapere

97 1409 232 1492 possim.
270 1406 409 1472 Sabinus
428 1410 461 1471 et
476 1403 608 1471 Cassius
622 1427 687 1470 non
702 1410 829 1492 putant,
849 1406 924 1491 quia
937 1410 1111 1494 possessio,

98 1519 343 1650 quarnl2s÷eqvulsJ
357 1495 475 1648 Vlffioe
498 1499 635 1649 nii⁰t⁰⁸
659 1495 868 1647 sit,·domtino
891 1502 1030 1563 noceret.

250 1649 252 1651 ,
345 1606 453 1649 .ιι.
561 1604 1110 1650 .-..s1uservummeum

96 1675 376 1755 manumitterem,
406 1586 497 1737 aliud
507 1671 598 1736 mihi
625 1633 781 1737 furtiva'm
808 1673 957 1737 ancillam
987 1673 1111 1739 dederit

97 1784 198 1847 eaque
228 1761 312 1845 apud
341 1782 391 1826 me
420 1762 602 1845 conceperit
629 1765 662 1826 st
687 1762 861 1846 pepererit,
887 1784 949 1826 usu
971 1785 1110 1828 menon

96 1855 279 1935 capturum.
320 1851 468 1934 idemque
490 1849 561 1915 fore
584 1849 692 1932 etiam,
716 1849 838 1934 siquis
862 1872 932 1915 eam
957 1852 1109 1917 ancillam

96 1961 225 2005 mecum
250 1942 470 2024 permutasset
493 1939 605 2003 autin
629 1939 771 2003 solutum
796 1937 951 2023 dedisset,
978 1941 1056 2004 item
1081 1943 1110 2004 si

97 2028 261 2093 donasset.

188 2117 262 2182 123.
295 2114 334 2180 D.
354 2117 407 2199 41,
425 2116 455 2193 9,
476 2117 505 2198 1,
524 2116 553 2181 3.
608 2114 769 2198 Ulpianus
802 2116 885 2180 libro
917 2116 1109 2201 trigensimo

95 2206 202 2289 primo
247 2203 286 2268 ad
328 2202 483 2269 Sabinum
524 2200 579 2290 (P.
611 2200 727 2291 2768).
771 2239 809 2250 -
863 2203 1041 2270 Constante
1070 2254 1109 2269 ..

96 2294 306 2359 matrimonio
329 2315 388 2376 pro
411 2293 485 2357 dote
507 2293 662 2376 usucapio
685 2293 771 2356 inter
794 2313 849 2357 eos
872 2293 979 2358 locum
1001 2294 1109 2372 habet,

95 2385 181 2447 inter
205 2403 288 2467 quos
312 2386 362 2447 est
385 2381 636 2446 matrimonium.
668 2385 810 2445 ceterum
829 2381 856 2444 si
876 2386 980 2445 cesset
999 2383 1110 2445 matri·

96 2472 255 2552 monium,
278 2468 409 2535 Cassius
434 2470 480 2534 ait
499 2491 624 2534 cessare
643 2470 882 2555 usucapionem,
905 2470 980 2553 quia
1000 2474 1032 2533 et
1051 2470 1108 2535 dos

96 2560 187 2624 nulla
212 2560 264 2624 sit.

189 2648 263 2712 124.
291 2645 328 2712 D.
348 2646 423 2711 ibid.
447 2647 513 2727 §4
542 2683 583 2694 —
610 2645 699 2710 Idem
729 2647 841 2710 scribit
869 2649 901 2710 et
926 2646 955 2710 si
979 2647 1109 2730 putavit

97 2737 235 2802 maritus
260 2757 330 2800 esse
356 2736 419 2800 sibi
444 2735 699 2818 matrimonium,
727 2756 799 2799 cum
823 2756 889 2798 non
915 2739 1013 2818 esset,
1036 2758 1108 2799 usu-

97 2847 213 2910 capere
239 2846 312 2889 eum
331 2845 395 2888 non
418 2845 528 2908 posse,
551 2822 627 2908 quia
648 2823 738 2888 nulla
762 2822 819 2888 dos
843 2824 895 2888 sit.

190 2912 278 2977 125?
302 2912 341 2977 D.
355 2912 408 2997 41,
423 2912 452 2991 6,
468 2913 496 2991 1,
514 2915 540 2976 1.
577 2911 698 2976 Paulus
716 2911 800 2976 libro
820 2912 1108 2998 quinquagensimo

96 3007 214 3087 quarto
238 3001 279 3065 ad
303 3000 440 3066 edictum
464 3000 511 3086 (P.
527 2997 615 3088 666).
638 3037 683 3048 -
706 2998 741 3064 si
763 3003 856 3084 pater
874 3000 941 3066 filio
960 3023 1054 3087 quem
1072 3001 1107 3066 in

95 3094 261 3176 potestate
279 3089 379 3153 habet
397 3090 501 3168 donet,
521 3089 633 3154 deinde
653 3088 795 3168 decedat,
813 3089 897 3154 filius
913 3112 972 3174 pro
987 3090 1108 3155 donato

96 3201 162 3245 non
187 3179 295 3263 capiet
317 3200 392 3261 usu,
414 3179 568 3264 quoniam
590 3178 682 3242 nulla
705 3176 836 3243 donatio
859 3179 929 3244 fuit.

190 3268 263 3333 126.
288 3266 326 3331 D.
345 3266 421 3331 ibid.
445 3268 510 3348 52.
539 3302 581 3312 -
611 3314 645 3330 ..
672 3266 700 3330 si
728 3266 777 3330 vir
804 3268 897 3331 uxori
919 3288 987 3331 rem
1012 3267 1109 3329 dona·

97 3357 182 3422 verit
210 3361 243 3420 et
269 3355 444 3420 divortium
471 3354 700 3437 intercesserit,
728 3376 853 3420 cessare
879 3354 1108 3436 usucapionem

100 3444 233 3512 Cassius
257 3443 432 3528 respondit,
456 3444 606 3529 quoniam
626 3465 691 3508 non
709 3443 814 3526 possit
832 3464 961 3507 eausam
980 3462 1108 3526 posses-

101 3535 201 3599 sionis
231 3532 294 3598 sibi
321 3533 393 3617 ipsa
421 3535 559 3618 mutare,
587 3532 668 3596 alias
698 3534 744 3595 ait
765 3535 841 3616 post
864 3530 1037 3595 divortium
1061 3529 1110 3595 ita

863 3635 901 3697 ᾗ*
