2422 3976
93 194 159 256 542
462 186 739 246 ADDITAMENTA.

94 358 205 421 mento
243 353 398 419 Scaevola
429 355 540 417 noster
576 351 717 435 dicebat,
753 351 829 434 quia
864 355 898 416 et
935 351 1112 435 pupillares

93 444 225 509 tabulae
248 464 325 526 para
353 446 429 506 sunt
451 440 567 524 prioris
590 441 787 506 testamenti.
828 440 885 504 sed
908 441 1057 526 plerique
1079 441 1111 505 in

93 533 222 596 diversa
245 534 322 596 sunt
345 527 522 613 opinione.1

432 669 482 735 De
505 671 640 735 labertotc
661 671 775 736 relicta.

184 787 237 853 56.
265 785 303 850 D.
322 786 375 869 40,
396 785 426 870 4,
445 786 497 850 57.
542 784 643 849 Gaius
675 787 759 850 libro
790 785 889 850 tertio
924 785 965 851 de
1002 809 1108 851 manu·

95 876 318 941 missionibus.
329 912 367 921 -
381 873 415 939 Si
429 874 571 957 locuples
589 875 698 958 egenti
710 875 803 939 heres
819 875 993 957 exstiterit,
1006 875 1108 940 videa·

95 986 177 1046 mus,
201 986 243 1027 an
267 985 305 1027 ea
327 985 379 1028 res
402 967 596 1028 testamento
622 963 707 1027 datis
727 964 935 1028 libertatibus
953 964 1106 1049 proficiat,

96 1058 134 1118 ut
152 1051 326 1117 creditores
346 1051 487 1116 fraudari
505 1073 573 1117 non
591 1051 771 1116 videantur.
796 1055 829 1116 et
848 1073 928 1116 sane
947 1058 1026 1117 sunt
1043 1052 1104 1136 qui·

97 1141 181 1222 dam,
202 1140 266 1225 qui,
285 1162 357 1204 cum
376 1141 470 1204 heres
488 1139 633 1224 locuples
653 1141 814 1224 existeret,
831 1141 898 1206 tale
920 1162 991 1205 ease
1011 1140 1104 1206 credi-

98 1230 228 1309 derunt,
256 1230 365 1313 quale,
392 1230 421 1295 si
444 1230 513 1313 ipse
535 1232 672 1294 testator
696 1229 842 1295 adauctis
865 1233 985 1313 postea
1011 1229 1102 1294 facul·

95 1317 219 1382 tatibus
243 1316 441 1382 decessisset.

185 1411 222 1471 cf.
246 1410 311 1472 Gai.
329 1415 358 1489 1,
373 1413 424 1471 36.

186 1494 238 1560 57.
266 1494 417 1578 D.40,4,
434 1495 483 1560 19.
523 1492 614 1561 Idem
637 1492 696 1581 (sc.
717 1490 882 1580 Iulianus)
904 1495 990 1560 libro
1011 1495 1100 1559 tertio

96 1582 136 1647 ad
156 1582 309 1648 Urseium
327 1583 490 1649 Ferocem.
508 1583 708 1658 —Quidam
726 1582 876 1647 heredem
901 1605 997 1648 suum
1016 1604 1101 1669 roga·

98 1677 197 1752 verat,
219 1677 256 1736 ut
279 1694 407 1737 servum
430 1672 688 1756 manumitteret;
715 1670 843 1750 deinde,
867 1672 895 1735 si
918 1673 1014 1737 heres
1037 1693 1101 1736 eum

96 1781 162 1824 non
193 1762 431 1839 manumiserit,
467 1761 605 1825 liberum
637 1783 711 1826 eum
743 1782 813 1824 esse
843 1761 987 1826 iusserat
1018 1761 1100 1845 eique

98 1847 277 1934 legaverat:
299 1849 391 1914 heres
418 1871 491 1913 eum
514 1850 710 1914 manumisit.
751 1848 897 1934 plerique
921 1849 1098 1929 existimant

97 1936 182 2002 hunc
206 1959 244 2001 ex
266 1941 463 2003 testamento
486 1938 671 2003 libertatem
695 1939 859 2021 consequi.

186 2027 252 2092 58?
274 2026 313 2092 D.
327 2027 380 2105 40,
394 2026 424 2109 5,
438 2027 492 2111 24,
507 2026 556 2091 19.
589 2024 749 2111 Ulpianus
768 2026 852 2092 libro
872 2026 987 2110 quinto
1007 2025 1098 2090 Fidei·

97 2116 352 2180 commissorum.
379 2152 417 2162 -
444 2114 478 2179 si
509 2116 559 2180 cui
589 2118 731 2200 legatum
762 2116 806 2179 sit
837 2115 989 2180 relietum
1018 2115 1097 2198 isque

97 2210 231 2286 rogatus
256 2205 299 2267 sit
321 2205 488 2288 proprium
513 2226 640 2268 servum
664 2203 891 2268 manumittere
911 2205 1005 2288 eique
1023 2201 1097 2287 quod

96 2293 241 2375 legatum
276 2297 325 2357 est
357 2297 534 2376 praestare,
567 2316 608 2356 an
644 2293 944 2357 fideicommissaria
976 2295 1096 2358 libertae

96 2382 293 2463 praestanda
313 2382 379 2445 sit?
411 2384 569 2465 quosdam
587 2386 703 2459 movet,
723 2383 797 2464 quia
817 2383 844 2445 si
864 2382 966 2446 fuerit
980 2385 1095 2447 coactus

96 2470 135 2532 ad
169 2470 352 2533 libertatem
385 2471 626 2553 praestandam,
659 2493 697 2534 ex
727 2472 921 2535 necessitate
953 2471 992 2535 ad
1021 2467 1095 2532 fidei·

97 2559 260 2622 commissi
280 2581 406 2643 quoque
425 2559 677 2641 praestationem
697 2559 759 2623 erit
778 2559 953 2643 cogendus.
982 2563 1014 2623 et
1033 2560 1095 2623 sunt

97 2648 151 2729 qui
175 2652 304 2729 putant,
327 2669 393 2710 non
417 2669 486 2711 esse
511 2649 697 2732 cogendum.

185 2735 250 2799 59?
273 2736 312 2799 D.
328 2738 379 2814 31,
395 2737 445 2801 84.
475 2736 595 2800 Paulus
614 2735 697 2800 libro
712 2737 866 2801 vicesimo
886 2738 993 2820 primo
1008 2736 1092 2812 Quae-

95 2824 246 2888 stionum.
271 2860 312 2870 -
338 2822 372 2887 si
401 2827 473 2908 quis
502 2847 594 2888 servo
622 2847 679 2888 suo
706 2825 990 2890 fideicommissum
1013 2824 1090 2888 liber-

95 2914 195 2973 tatem
220 2912 351 2994 reliquit
375 2916 407 2975 et
431 2913 516 2976 aliud
537 2914 612 2996 quid
633 2915 812 2997 adscripsit,
837 2914 970 2997 quidam
991 2914 1090 2989 dicunt,
1137 2938 1139 2957 ¹

96 3000 172 3081 quia
195 3001 346 3083 placebat
370 3003 410 3064 ab
433 3001 549 3066 herede
574 3025 645 3066 eum
665 3003 856 3067 manumitti
874 3003 1000 3087 debere,
1021 3002 1089 3065 futu·
1136 2973 1139 3075 l

95 3109 166 3151 rum
192 3110 274 3173 esse,
299 3094 424 3153 utnon
448 3090 638 3155 admittatur
663 3092 702 3155 ad
725 3093 1018 3156 fideicommissum.
1136 3120 1139 3143 ι

412 3240 463 3305 Dc
485 3241 787 3307 manumissionibus.
1134 3168 1138 3283 l

184 3346 248 3409 60?
272 3345 311 3410 D.
321 3347 374 3427 40,
384 3347 413 3427 2,
425 3349 476 3430 14,
488 3350 514 3411 1.
538 3347 722 3412 Marcianus
737 3348 820 3411 libro
836 3354 954 3432 quarto
968 3344 1085 3440 Regula·
1132 3324 1137 3365 ¹

96 3455 175 3497 rum.
198 3472 234 3480 —
262 3432 345 3498 Sunt
372 3436 428 3517 qui
456 3440 572 3518 putant
599 3439 696 3501 etiam
721 3437 858 3501 feminas
882 3460 977 3520 posse
999 3441 1085 3499 matu·

167 3561 180 3606 1
202 3555 249 3609 Fl.
269 3556 381 3609 dicebat
401 3596 406 3607 .
427 3557 475 3610 sed
495 3598 524 3611 ..
543 3556 686 3627 opinione,
706 3559 773 3627 quia
792 3601 798 3612 .
815 3599 820 3610 .
838 3601 844 3612 .
864 3557 1027 3614 testamenti.
1126 3556 1139 3753 p
