2422 3976
271 181 296 231 6.
319 174 505 232 LONGINUS
525 207 557 218 -
580 182 603 232 7.
621 175 812 234 PROGULUS
1007 181 1049 246 99

118 342 172 404 11.
196 339 235 404 D.
249 338 360 420 ibide
377 339 427 404 14.
445 374 490 386 -
508 337 601 414 Quod
619 341 652 405 in
670 345 879 425 procuratore
901 343 1050 427 diximus,

73 451 115 492 un
135 429 224 492 etin
244 431 353 493 tutore
371 434 404 492 et
423 432 570 493 curatore
589 428 759 494 dicendum
779 430 841 496 erit
859 432 1049 518 ceterisque,

72 519 81 582 i
107 539 147 582 ex
173 517 281 582 officio
305 538 365 601 pro
388 517 461 582 aliis
484 517 714 595 interveniunt,
737 524 770 584 et
789 520 838 584 ita
855 518 973 586 Pedius
992 523 1048 605 ait,

95 606 212 689 adicit,
249 605 367 689 quibus
398 605 638 679 administratio
671 628 780 672 rerum
811 607 1050 695 (permittitur,

73 695 161 780 mm>
198 694 325 777 culpam
358 694 471 759 abesse
504 699 670 778 praestare
703 717 770 760 non
802 697 912 783 inique
946 698 1047 765 domi-

73 803 243 937 ΙΙΙ1020.811).
261 871 337 936 ibid.
356 873 376 952 5
398 871 448 937 15.
482 908 523 918 --
554 871 645 937 Idem
675 872 793 936 Pedius
825 875 872 938 ait
903 874 1048 941 familiae

73 961 248 1045 pellatione
272 965 305 1024 et
328 959 413 1025 filios
435 960 578 1026 familias
602 961 831 1044 demonstrari,
855 962 942 1028 facta
962 965 1047 1030 enim

73 1048 1048 1152 mesticorumredhibitoriaagentempraestare(praestarii)

73 1139 144 1203 lm
202 1225 307 1291 Dera
329 1228 380 1291 cui
401 1226 490 1292 tomo
513 1228 650 1292 accedere
666 1229 870 1309 praedicitur.

117 1343 169 1407 13.
193 1341 295 1421 1221,
307 1342 441 1427 1,44pr.
478 1341 567 1406 Idem
582 1338 641 1429 (sc.
655 1338 791 1429 Paulus)
805 1343 891 1408 libro
906 1347 1046 1411 secundo

91 1431 235 1496 edictum
258 1431 411 1495 aedilium
435 1430 594 1496 curulium
617 1428 669 1516 (P.
684 1427 775 1516 840).
799 1469 839 1479 -
863 1431 1047 1499 lautissime

73 1520 149 1585 diles
176 1519 351 1584 noluerunt
377 1520 541 1585 hominem
569 1519 598 1582 ei
625 1520 674 1584 rei
697 1542 779 1606 quae
802 1522 937 1587 minoris
961 1527 1047 1589 esset

73 1609 188 1692 redere,
210 1629 252 1671 ne
275 1630 340 1693 qua
361 1608 453 1673 fraus
477 1613 534 1672 aut
551 1607 655 1672 edicto
676 1615 732 1674 aut
749 1609 815 1674 iure'
833 1609 922 1675 civili
940 1612 1045 1696 fieret3

93 1698 138 1762 ait
160 1695 293 1780 Pedius,
319 1701 453 1782 propter
475 1697 667 1781 dignitatem
689 1697 872 1780 hominum,
901 1701 1045 1786 alioquin

72 1785 163 1850 ndem
186 1785 349 1851 rationem
371 1785 472 1850 fuisse
495 1793 528 1850 et
550 1785 584 1850 in
606 1785 721 1851 ceteris
740 1788 850 1872 rebus3
873 1789 1043 1860 ridiculum

73 1895 166 1960 ‚mque
191 1895 261 1940 esse
283 1875 411 1939 tunicae
434 1874 570 1938 fundum
594 1875 749 1939 accedere

375 2174 415 2256 6.
450 2179 703 2255 LONGINUS.

118 2323 297 2399 Pomponius
329 2321 349 2398 ξ,
374 2325 429 2383 52:
460 2317 588 2383 ‘Nervae
608 2324 758 2383 'successit
785 2324 930 2384 Proculus
954 2373 960 2384 .
984 2326 1044 2385 fuit

73 2407 132 2470 *dem
158 2414 294 2487 tempore
323 2414 354 2471 et
380 2412 481 2472 Nerva
508 2413 599 2471 filins.
643 2413 702 2472 fuit
729 2417 760 2472 et
787 2414 864 2472 alius
889 2413 1043 2490 Longinus

73 2501 214 2648 {ruffini
233 2501 352 2577 quidem
372 2501 484 2579 ordine,
507 2502 558 2578 qui
576 2505 681 2577 postea
699 2502 738 2561 ad
756 2505 929 2577 praeturam
947 2520 1042 2578 usque

117 2678 277 2738 Praeterea
307 2677 382 2737 nihil
415 2678 494 2753 quod
527 2639 620 2738 sciam
651 2679 686 2738 de
718 2680 774 2740 hoc
801 2679 876 2738 iuris
905 2681 1041 2739 consulto

73 2767 147 2825 roeuli
170 2767 286 2827 assecla
308 2767 451 2826 traditum
477 2771 531 2826 est.

379 3042 417 3126 7.
445 3048 688 3121 PROCULUS

118 3203 207 3260 quem
225 3183 315 3242 multi
332 3184 391 3244 viri
413 3185 493 3244 docti
515 3184 635 3261 iniuria,
654 3190 690 3243 ut
707 3185 848 3245 videmur
871 3180 913 3264 (v.
936 3178 1040 3265 infra),

73 3273 243 3348 mpronium
266 3271 422 3332 nominant
441 3263 518 3354 (arg.
537 3273 573 3332 D.
589 3275 640 3350 31,
655 3264 722 3354 47),
746 3275 781 3332 de
809 3275 894 3334 cuius
921 3275 986 3334 vita
1009 3277 1040 3332 et

73 3361 100 3420 de
117 3361 194 3420 nihil
212 3362 275 3420 fere
289 3362 363 3421 corti
376 3362 517 3437 traditum
532 3381 592 3421 non
610 3366 672 3422 tam
692 3363 737 3421 rei
754 3363 893 3439 publicae
913 3362 1037 3421 admini-

73 3451 180 3525 andae,
218 3469 307 3527 quam
344 3450 420 3510 iuris
457 3452 612 3510 doctrinae
645 3451 776 3526 deditus,
810 3450 971 3527 Labeonis,
1003 3453 1039 3509 ut

73 3539 163 3599 ricero
199 3540 282 3612 licet,
316 3539 435 3600 auditor
462 3540 639 3615 Nervaeque
672 3539 800 3616 amicae,
838 3539 885 3599 cui
919 3539 1037 3598 scholae

792 3637 829 3693 vt
