2422 3976
95 172 160 237 436
197 170 230 228 V.
249 169 400 226 NERVAE
418 169 466 225 ET
484 168 637 224 TRAIANI
655 167 762 226 TEMP.
779 168 876 224 IURIS
895 167 1077 225 CONSULTI

95 335 182 419 apud
197 336 300 399 oiruou
317 333 452 418 hautot,
471 335 600 399 divortio
617 332 700 414 sarto
718 335 847 399 duaeuta
864 353 886 397 a
903 333 973 399 uiro
988 337 1106 398 errante

95 423 245 506 stipulata
267 428 341 489 erat.
386 423 487 488 Ladeo
504 427 607 506 putat,
630 426 748 505 quauta
770 423 824 488 dos
844 421 966 505 fuisset,
989 426 1105 487 tautam

94 513 209 593 deberi,
238 513 299 578 sive
315 513 456 594 prudeus
478 512 589 576 mulier
605 512 680 593 pius
702 515 776 576 esset
796 511 949 595 stipulata
969 511 1034 577 siue
1056 511 1105 575 iou

89 599 237 685 prudens.
283 600 435 666 Labeonis
456 601 640 666 seuteutioru
654 600 760 682 probo.

186 690 258 754 145.
287 688 325 756 D.
344 689 420 754 ibid.
439 692 460 771 ξ
480 692 508 754 5.
539 726 577 736 -
613 688 697 755 Uxor
727 689 855 754 diuortio
881 687 966 770 faeta
980 693 1105 771 ‚partem

95 779 175 844 dotis
192 782 352 860 receperat,
368 783 493 861 partem
511 779 596 859 apud
611 779 716 842 virum
732 778 907 860 reliquerat,
926 778 1037 843 deiude
1054 777 1105 842 aiii

95 872 243 950 nupserat
273 872 302 932 et
332 867 443 932 iterum
474 868 570 931 viduo
594 866 680 947 faeta
707 869 750 931 ad
770 868 909 948 priorem
936 867 1043 932 uirum
1067 885 1103 930 re·

96 958 208 1039 durat,
236 957 288 1021 oui
314 960 433 1020 oeuturu
459 953 579 1020 denuo1
605 957 670 1021 doti
695 957 819 1020 dederat
843 976 941 1037 aeque
967 952 1039 1020 eius
1060 974 1104 1038 pe-

96 1046 217 1127 ouuiae,
244 1065 323 1125 quoe
344 1045 462 1126 reliqua
486 1065 523 1110 ee
540 1046 649 1127 priore
670 1044 737 1109 dote
758 1048 842 1126 erat,
863 1045 1048 1109 meutiouem
1068 1043 1101 1124 fo

95 1137 186 1199 eerat.
240 1134 368 1198 divortio
403 1133 484 1213 faeta
515 1133 670 1215 reliquum
700 1154 737 1198 eu
762 1134 870 1215 priore
901 1134 971 1198 dote
1002 1132 1100 1198 iisdem

83 1220 201 1287 'diebus
219 1223 322 1286 uirum
338 1223 531 1286 redditurum
549 1223 597 1286 ait
613 1223 722 1306 Labeo,
744 1222 853 1304 qudius
870 1222 1060 1299 reddidisset,
1080 1219 1101 1284 si

96 1311 238 1393 superius
262 1311 429 1376 diuortium
451 1312 532 1375 iuter
554 1331 603 1375 eos
623 1313 741 1390 foetum
762 1331 826 1375 riou
847 1315 937 1389 esset,
965 1311 1101 1393 quouiou

91 1400 212 1483 prioris
234 1400 313 1464 dotis
334 1419 430 1465 eausa
451 1400 487 1464 iu
508 1404 677 1481 sepueuteru
699 1401 777 1465 dotis
798 1399 1015 1482 obtrpatiouem
1039 1399 1101 1463 esset

98 1487 270 1565 traustata;
293 1492 322 1551 et
343 1487 397 1552 tuoe
419 1509 524 1553 oerum
541 1493 627 1570 puto.

189 1576 260 1641 146.
288 1574 326 1639 D.
345 1577 421 1640 ibid.
442 1577 506 1657 56.
531 1613 573 1624 -
599 1575 636 1642 Si
662 1577 711 1641 oir
736 1596 836 1642 sooero
860 1577 986 1642 iuiussu
1007 1573 1098 1641 uouit

99 1668 241 1728 maueute
263 1666 462 1731 matrimonio
485 1667 583 1731 dotem
605 1665 909 1748 aoeeptamfeoissei,
936 1658 1099 1730 adusti
1134 1724 1136 1729 .

95 1757 223 1836 propter
240 1758 397 1835 &estatem
410 1756 505 1820 sooeri
516 1753 635 1835 sactum
650 1758 732 1840 esset,
749 1755 811 1818 oiri
824 1759 928 1819 tameu
940 1752 1097 1837 perieulum
1134 1750 1136 1761 '

98 1842 242 1923 futurum
264 1843 312 1906 ait
332 1842 448 1923 Labeo,
470 1848 499 1908 et
520 1843 575 1908 hoe
596 1862 701 1909 ouum
723 1847 774 1908 est.

191 1930 263 1996 147.
292 1930 330 1994 Ι).
349 1931 426 1996 ibid.
444 1934 465 2013 ᾗ
482 1933 510 1996 7.
539 1968 581 1978 -
609 1932 647 1999 Si
677 1932 747 2014 quis
771 1953 832 2015 pro
864 1932 992 1997 muliere
1016 1931 1095 1996 douo

98 2020 166 2084 viro
179 2020 334 2104 promisit,
355 2021 463 2086 deiude
480 2021 585 2087 herede
602 2021 729 2086 muliere
745 2022 853 2086 relicta
870 2019 1033 2103 decesserit,
1049 2032 1095 2100 oua

101 2129 139 2173 ee
160 2113 251 2191 parte
278 2108 389 2173 mulier
416 2111 445 2174 ei
470 2110 555 2176 ireres
576 2115 662 2193 esset,
683 2130 744 2193 pro
767 2131 803 2174 ea
820 2114 913 2191 parte
936 2110 1014 2174 dotis
1028 2101 1094 2189 petr*-

102 2198 214 2280 ouiuru,
233 2199 314 2279 quod
330 2199 392 2262 oiri
407 2198 527 2283 fuisset,
544 2201 587 2264 od
600 2198 760 2264 mulierem
771 2198 928 2282 pertiuere
946 2199 993 2262 ait
1006 2195 1093 2272 Lau,

100 2287 176 2368 quia
197 2307 252 2351 uee
274 2286 383 2351 melius
406 2289 534 2368 aequius
556 2293 638 2369 esset,
661 2289 742 2369 quod
762 2289 880 2370 euipere
897 2288 948 2352 uir
965 2287 1003 2351 ab
1020 2297 1093 2349 ruore

101 2396 164 2439 uou
185 2375 348 2459 potuisset,
376 2376 411 2439 ob
437 2378 473 2440 id
497 2397 535 2440 ere
561 2378 737 2440 detrirueuto
763 2378 825 2440 oiri
851 2377 1009 2441 ruutiereru
1035 2375 1092 2438 uu·

94 2465 227 2546 pietari;
251 2469 279 2527 et
300 2464 354 2529 hoo
376 2485 480 2528 ouum
497 2470 582 2546 puto.

508 2663 618 2723 Liber
641 2664 708 2724 VII.

191 2787 364 2847 Iauolenum
391 2789 447 2848 hoc
474 2789 553 2848 libro
575 2789 624 2848 vol
646 2790 757 2848 iterum
780 2789 816 2847 do
839 2789 906 2850 iure
930 2789 1038 2849 dotium
1055 2775 1088 2841 ul

102 2876 138 2934 do
161 2877 265 2935 tutelis
289 2877 398 2936 dixisse
423 2878 495 2936 satis
519 2881 634 2936 eertum
658 2877 784 2937 videtur.

501 3073 611 3132 Liber
633 3072 716 3132 VIII.

518 3189 569 3255 De
591 3193 701 3257 tutelis.

195 3304 266 3369 148.
299 3304 337 3368 Ι).
362 3307 414 3389 26,
437 3309 467 3390 2,
492 3307 543 3371 33.
599 3306 771 3371 Iavolenus
809 3307 893 3374 libro
932 3311 1036 3373 oetaeo
1061 3313 1087 3360 61

102 3394 336 3477 posterioribus
354 3393 525 3459 LabeOnis.
544 3432 587 3442 —
608 3396 774 3460 Tutordrus
791 3397 838 3461 iia
855 3399 954 3463 datis:
973 3390 1087 3460 ‘uduo

176 3547 190 3593 1
211 3540 259 3595 Fi.
279 3540 384 3595 decem.
