2422 3976
115 115 178 179 132
194 115 241 170 ΠΙ.
253 112 328 169 GAII
338 112 484 169 CLAUDII
494 113 629 170 NERON.
640 113 786 169 GALBAE
798 113 906 172 ΤΕΜΡ.
915 114 1013 171 Iulus
1025 114 1128 172 (10Νὸ.

205 278 235 344 2.
257 275 298 341 D.
313 276 366 359 29,
380 277 409 356 2,
424 277 476 341 60.
512 276 683 342 Iavolenus
706 278 789 342 libro
808 278 913 362 primo
933 298 973 342 ex
990 279 1128 362 posteri·

116 366 225 432 oribus
248 365 417 430 Labeonis.
439 402 476 412 -
499 365 618 433 Filium
643 365 881 451 emancipatum
904 372 999 451 pater
1022 367 1131 433 solum

114 455 265 520 heredem
293 454 435 519 instituit
463 460 508 538 et,
540 454 568 519 si
598 456 626 519 is
654 454 747 519 heres
775 477 840 520 non
868 458 976 540 esset,¹
999 476 1131 522 servum

114 545 254 609 liberum
287 547 319 607 et
350 542 499 608 heredem
533 565 602 607 esse
634 544 781 607 iusserat.
828 543 927 628 filius,
959 547 1131 630 tamquam

116 636 210 716 pater
237 633 367 697 demens
396 631 524 715 fuisset,
557 632 715 697 bonorum
742 632 982 716 possessionem
1010 635 1052 699 ab
1081 636 1130 698 in·

115 725 236 786 testato
261 721 356 805 petiit
378 724 411 785 et
435 720 482 784 ita
504 720 718 785 hereditatem
742 721 893 805 possedit.
938 720 1049 788 Labeo
1073 723 1130 808 ait,

115 811 144 874 si
172 810 364 896 probaretur
392 831 471 873 sana
498 812 605 874 mente
633 814 726 892 pater
748 812 982 874 testamentum
1005 810 1129 895 fecisse,
1208 871 1211 894 ,

115 899 221 963 filium
244 920 283 962 ex
305 902 501 962 testamento
525 899 611 981 patri
634 897 786 962 heredem
807 920 886 964 esse.
928 898 992 964 hoc
1010 900 1127 965 falsum

119 991 215 1072 put03
242 1009 318 1051 nam
345 986 431 1050 filius
455 986 675 1071 emancipatus
699 1008 772 1051 cum
795 986 1009 1052 hereditatem
1030 992 1124 1055 testa·

118 1078 231 1142 mento
260 1075 370 1140 datam
399 1075 439 1138 ad
463 1097 497 1139 se
519 1076 681 1161 pertinere
703 1076 822 1159 noluit,
849 1077 1004 1142 continuo
1028 1098 1067 1143 ea
1087 1076 1123 1141 ad
1191 1043 1211 1154 ἒ

119 1165 332 1229 substitutum
369 1163 519 1228 heredem
556 1165 674 1228 transit
704 1185 763 1229 nec
795 1168 904 1248 potest
935 1164 1037 1231 videri
1067 1186 1119 1249 pro
1187 1159 1211 1242 ξ

118 1253 235 1318 herede
259 1254 407 1337 gessisse,
431 1253 495 1339 qui,
517 1256 554 1316 ut
576 1252 788 1318 hereditatem
808 1253 982 1339 omitteret,
1005 1254 1118 1319 exalia
1181 1247 1211 1405 Ι

114 1346 207 1425 parte
247 1342 343 1406 edicti
379 1342 616 1425 possessionem
652 1342 813 1407 bonorum
840 1346 939 1426 petat.
993 1343 1117 1409 Paulus:

116 1434 149 1494 et
167 1430 322 1495 Proculus
341 1429 502 1495 Labeonis
526 1430 723 1495 sententiam
745 1431 910 1515 improbat
931 1432 1018 1497 etin
1035 1431 1115 1499 Iavo-

119 1519 183 1583 leni
207 1519 369 1584 sententia
391 1522 449 1583 est

526 1677 577 1743 De
599 1679 713 1762 tepetis.

136 1874 141 1885 ¹
207 1805 237 1869 3.
269 1803 308 1868 D.
328 1805 380 1887 31,
398 1801 450 1886 49,
470 1804 498 1868 3.
545 1803 664 1867 Paulus
696 1802 781 1867 libro
813 1803 927 1888 quinto
955 1804 996 1869 ad
1023 1804 1116 1889 legen

117 1894 234 1960 Iuliam
263 1897 295 1957 et
322 1891 456 1976 Papiam
484 1887 533 1978 (P.
553 1891 642 1976 949).
670 1928 714 1938 -
742 1890 850 1956 Labeo
878 1891 979 1957 refert
1006 1912 1117 1979 agrum,

118 1983 208 2049 cuius
238 1980 462 2047 commercium
489 2002 557 2045 non
579 1979 695 2063 habes,
723 1980 826 2064 legari
848 1981 908 2045 tibi
933 2002 1030 2065 posse
1052 1980 1117 2045 'Pra-

117 2073 243 2137 batium
275 2069 562 2155 respondisse...
613 2068 669 2134 sed
701 2067 857 2134 Proculus
891 2069 953 2148 ait,
998 2071 1026 2135 si
1056 2068 1117 2153 quis
1187 2101 1211 2126 n

115 2159 266 2226 heredem
301 2181 393 2223 suum
428 2179 501 2221 eum
534 2157 682 2239 fundum,
720 2158 809 2222 cuius
843 2158 1068 2224 commercium
1095 2156 1118 2221 is
1192 2184 1210 2211 ··

116 2252 209 2314 heres
241 2270 307 2313 non
339 2249 472 2328 habeat,
505 2246 579 2310 dare
611 2247 751 2310 iusserat
783 2246 827 2330 ei,
859 2245 915 2330 qui
946 2247 1014 2312 eius
1043 2268 1118 2313 conr·
1152 2310 1156 2317 ,
1188 2306 1193 2311 .

118 2339 271 2403 mercium
291 2337 418 2418 habeat,
441 2333 609 2399 heredem1
633 2335 815 2419 obligatum
839 2357 909 2399 esse
1009 2334 1119 2418 [velin
1156 2405 1157 2408 Ἴ
1188 2376 1204 2405 ,-

117 2431 221 2511 ipsam
249 2448 331 2508 rem‚
360 2426 387 2488 si
414 2424 494 2488 haec
522 2425 555 2489 in
578 2424 673 2487 bonis
697 2424 863 2488 testatoris
886 2423 998 2509 fuerit,
1027 2420 1118 2489 veisi
1195 2454 1207 2467 ν

120 2538 185 2581 non
208 2520 271 2599 est,
294 2513 329 2577 in
353 2513 421 2577 eius
446 2513 729 2592 aestimationem}
1189 2550 1204 2575 ·..

121 2655 123 2659 ,
207 2607 236 2667 4.
261 2603 299 2667 D.
315 2601 368 2680 33,
382 2602 501 2684 9‚3pr.
516 2603 557 2681 ἐξ
571 2602 638 2665 1.2.
676 2600 837 2685 Ulpianus
854 2601 938 2666 libro
953 2602 1119 2667 vicensimo
1194 2628 1202 2637 ·

121 2692 259 2757 secundo
284 2692 324 2754 ad
348 2689 503 2754 Sabinum
527 2687 575 2775 (P.
589 2685 702 2775 2641).
726 2725 767 2735 —
792 2689 981 2765 ..Quintus
1004 2689 1119 2756 Mucius
1203 2718 1208 2725 ·

122 2780 235 2845 scribit
253 2779 337 2843 libro
357 2778 495 2843 secundo
513 2778 592 2842 iuris
608 2779 720 2860 civilis,
739 2800 821 2861 penu
839 2779 949 2862 legata
964 2777 1120 2857 contineri,
1193 2824 1196 2829 -

122 2890 203 2953 quae
227 2868 295 2932 esui
317 2868 471 2952 potuique
495 2874 579 2932 sunt.
622 2865 706 2930 idem
730 2865 868 2932 Sabinus
892 2867 985 2933 libris
1010 2868 1050 2933 ad
1074 2864 1120 2932 Vi·
1190 2898 1208 2933 ;.·

121 2957 249 3022 tollium
278 2957 463 3021 scribit...
484 2957 538 3020 sed
566 2955 677 3020 Aristo
704 2959 798 3020 notat
826 2957 924 3021 etiam
953 2979 1035 3042 quae
1062 2952 1121 3021 esui
1194 2988 1210 3023 ,·.

121 3046 275 3130 potuique
301 3066 369 3110 non
396 3048 473 3109 sunt
501 3044 659 3109 contineri
687 3045 809 3129 legato,
841 3049 879 3109 ut
905 3048 986 3128 puta
1014 3068 1065 3130 ea,
1092 3043 1119 3108 in
1193 3040 1197 3045 ’

122 3136 239 3220 quibus
263 3156 332 3199 esse
357 3136 505 3217 solemus,
529 3134 635 3198 oleum
658 3134 750 3216 forte,
773 3155 887 3219 garum
909 3135 1049 3199 muriam
1067 3130 1121 3198 mel
1201 3166 1206 3171 ·

122 3228 291 3308 ceteraque
309 3222 361 3286 his
382 3223 506 3286 similia.
548 3222 643 3306 plane
662 3221 774 3305 inquit,
797 3223 825 3286 si
843 3244 945 3307 penus
965 3224 1121 3290 esculenta

121 3313 261 3398 legetur,
292 3311 400 3375 Labeo
432 3311 516 3376 libro
549 3333 634 3376 nono
662 3311 877 3395 posteriorum
907 3311 1021 3378 scribit
1048 3307 1120 3377 nihil

194 3491 207 3538 1
228 3485 276 3539 Fr.
295 3486 377 3554 putat
395 3484 533 3541 heredem.
