2422 3976
93 185 158 252 386
195 186 228 242 V.
247 183 397 241 NERVAE
415 182 462 239 ΕΤ
479 180 630 239 TRAIANI
647 178 754 238 ΤΕΜΡ.
770 181 868 239 IURIS
888 181 1070 239 CONSUL'PI

93 352 128 415 in
156 349 224 414 acie
253 349 422 413 dumtaxat
449 347 587 412 amissus
616 368 657 410 an
684 350 831 429 tempore
857 344 937 411 belli
965 347 1109 412 amissus

92 437 219 524 prosit?
265 437 377 501 Aristo
400 435 435 500 in
458 436 525 501 acie
548 436 704 500 amissum
728 435 905 499 dumtaxat.

182 546 330 627 Ulpianus
354 545 452 607 addit:
475 539 542 626 ‘ego
565 550 639 624 puto
662 565 716 624 per
734 549 853 623 tempus
871 544 944 606 belli
964 547 1106 608 amissum

94 639 202 698 debere
234 639 388 715 prodesse,
419 656 457 696 ne
491 636 611 712 publica
644 639 760 712 strages
787 633 869 712 patri
895 629 1025 696 noceat'.
1075 639 1109 695 at

93 728 174 787 idem
189 726 337 802 Ulpianus
355 726 433 785 libro
451 725 612 786 vicensimo
631 723 670 783 ad
687 724 786 800 legem
805 720 916 784 Iuliam
934 726 966 785 et
982 723 1105 801 Papiam

94 809 145 899 (D.
162 818 213 894 27,
231 819 257 892 1,
275 811 330 895 18)
344 814 517 874 Aristonem
536 815 684 891 sequitur:
704 807 795 873 ‘bello
814 813 917 872 amissi
935 814 975 872 ad
994 814 1107 873 tutelae

94 906 316 966 exeusationem
347 906 482 980 prosunt.
533 903 704 979 quaesitum
735 904 782 961 est
809 903 922 975 autem,
955 903 1011 979 qui
1039 905 1107 962 snut

93 995 154 1071 isti,
177 998 279 1053 utrum
302 992 334 1051 hi
357 993 408 1069 qui
431 992 462 1050 in
481 992 544 1051 acie
563 994 633 1050 sunt
651 991 832 1069 interempti,
856 1005 894 1050 an
912 1006 987 1050 vero
1006 1006 1104 1052 omnes

94 1083 223 1159 omnino,
246 1083 297 1158 qui
320 1096 520 1157 porcensem
542 1080 614 1138 belli
636 1079 810 1155 parentibus
833 1083 904 1139 sunt
922 1079 1101 1156 abrepti...

94 1172 202 1231 melius
225 1171 320 1249 igitur
341 1169 519 1246 probabitur
541 1186 591 1228 eos
616 1169 694 1228 solos
717 1168 768 1244 qni
786 1169 818 1227 in
836 1168 1103 1242 acieamittnntna

93 1260 234 1337 prodesse
258 1259 365 1318 debere
380 1303 386 1317 .
402 1305 408 1318 .
425 1252 444 1317 .'

183 1362 234 1428 39.
257 1360 297 1426 D.
316 1360 368 1443 26,
387 1359 417 1442 9,
436 1362 462 1424 1.
500 1358 698 1443 Pomponius
721 1357 805 1424 libro
825 1357 1003 1439 vicensimo
1021 1379 1100 1425 nono

94 1451 134 1516 ad
154 1449 308 1516 Sabinum
328 1448 377 1534 (P.
393 1445 480 1533 741).
502 1480 539 1494 -—
566 1446 615 1513 Ob
636 1448 745 1513 dolum
763 1445 886 1513 malum
904 1449 958 1513 vel
978 1448 1028 1514 cnl
1051 1467 1096 1512 am

94 1541 213 1605 tutoris
223 1538 335 1603 Aristo
350 1539 397 1602 ait
410 1535 570 1621 pupillum
583 1555 803 1621 possessorem
818 1470 1098 1602 condemnantium.

466 1714 517 1780 De
538 1714 734 1780 condictione.

182 1821 234 1886 40.
258 1821 296 1888 D.
312 1821 365 1907 12,
382 1823 410 1905 1,
425 1819 454 1899 9,
470 1821 499 1887 8.
536 1819 696 1905 Ulpianus
714 1821 799 1885 libro
819 1820 997 1886 vicensimo
1016 1821 1096 1885 sexto

95 1910 135 1975 ad
159 1910 296 1975 edictum
320 1910 368 1992 (Ρ.
384 1906 473 1996 769).
497 1944 539 1956 -
564 1908 598 1975 Si
620 1928 769 1975 nummos
790 1927 881 1974 meos
900 1913 959 1975 tuo
979 1908 1096 1975 nomine

94 1999 208 2064 dedero
245 2000 335 2065 velut
368 2003 443 2063 tuos
476 1999 609 2063 absente
641 2002 674 2062 te
708 2003 740 2063 et
769 1997 958 2083 ignorante,
996 1999 1096 2063 Aristo

94 2089 207 2153 scribit
231 2088 357 2172 adquiri
380 2087 443 2152 tibi
455 2084 711 2153 ‘condictionem

185 2200 357 2275 Sequuntur
383 2198 469 2258 haee:
499 2193 644 2258 ‘Iulianus
668 2218 786 2276 quoque
877 2198 984 2258 scribit
1006 2215 1095 2259 veram

96 2308 159 2348 esse
183 2289 334 2348 Aristonis
358 2281 558 2347 sententiam'.
600 2288 715 2365 reliqua
738 2307 756 2346 a
779 2283 965 2346 Triboniano
989 2288 1096 2346 mutata

95 2383 172 2437 sunt.
209 2378 245 2437 cf.
266 2377 386 2436 Pernice
410 2376 456 2435 ΙΠ
476 2379 538 2435 222
563 2397 591 2436 n.
607 2378 634 2437 4.

379 2549 429 2614 De
451 2549 610 2613 amborum
633 2549 820 2632 oblipcticae.

183 2658 235 2722 41.
259 2656 409 2740 D.46,3,
427 2657 476 2720 16.
518 2655 715 2739 Pomponius
738 2656 821 2719 libro
847 2655 1095 2738 quintodecimo

96 2745 135 2808 ad
160 2744 313 2810 Sabinum
339 2744 388 2828 (P.
408 2743 511 2826 60912).
536 2781 574 2790 —
602 2744 668 2808 Sub
697 2743 883 2810 condicione
912 2744 1051 2810 debitori
1074 2739 1096 2806 si

96 2838 262 2916 acceptum
280 2834 413 2917 feratur,
434 2838 548 2916 postea
567 2833 753 2897 condicione
772 2833 930 2897 existente
948 2829 1094 2915 intellegi·

95 2925 148 2986 tur
168 2922 234 2985 iam
254 2923 331 2986 olim
350 2923 513 2987 liberatus.
551 2926 583 2985 et
601 2922 663 2986 hoc
683 2922 781 2986 etiam
800 2920 829 2985 si
848 2918 969 2987 solutio
989 2945 1023 2986 re
1041 2921 1096 2999 fiat

96 3011 237 3074 accidere
265 3012 377 3076 Aristo
405 3011 541 3075 dicebat.
592 3010 722 3093 scripsit
750 3011 848 3094 enim,
882 3011 911 3074 si
940 3011 1025 3095 quis,
1052 3005 1094 3092 qui

96 3100 155 3163 sub
179 3099 366 3164 condicione
389 3100 556 3183 pecuniam
580 3100 739 3182 promisit,
763 3099 851 3163 dedit
875 3121 947 3164 eam
971 3121 1010 3164 ea
1033 3117 1093 3163 con·

26 3208 30 3216 ’
96 3189 229 3273 dicione,
253 3191 298 3271 ut,
322 3188 349 3251 si
373 3188 517 3253 condicio
542 3188 729 3272 exstitisset,
752 3188 787 3251 in
807 3188 952 3252 solutum
972 3187 1093 3258 cederet,

96 3278 253 3341 existente
285 3276 468 3341 condicione
497 3277 628 3340 liberari
657 3299 729 3340 eum
757 3298 816 3341 nec
845 3278 990 3362 obstare,
1022 3269 1093 3361 quod

96 3369 170 3429 ante
196 3367 264 3430 eius
288 3365 422 3448 pecunia
445 3367 532 3430 facta
556 3368 605 3429 est
622 3363 695 3449 <cui
715 3366 803 3429 dedit
821 3387 920 3449 quam
939 3367 1094 3431 deberetur

95 3454 136 3534 ei3
160 3477 235 3518 nam
260 3477 298 3518 ex
320 3455 482 3538 postfacto
506 3455 695 3519 creditorem
721 3476 792 3519 eum
815 3454 966 3542 intellegi
984 3457 1045 3520 iam
1064 3468 1093 3514 eo

94 3545 252 3625 tempore,
276 3565 339 3626 quo
363 3544 498 3626 pecunia
521 3543 588 3607 eius
612 3543 699 3608 facta
723 3544 802 3629 est).
