2422 3976
131 151 182 206 XX

129 320 184 380 illa
210 320 303 381 verba
328 318 460 396 prudens
488 318 625 396 dixisset,
654 317 686 388 Q.
709 318 824 378 Mucius
848 317 949 378 aiebat
972 317 1088 395 expiari
1109 322 1146 378 ut

129 408 256 484 impium
279 427 340 468 non
361 425 448 484 posse
472 398 502 488 (Ι
524 427 553 483 p.
573 399 640 488 57).

218 496 417 574 Pomponium
438 515 564 574 quoque,
587 515 655 555 cum
677 496 751 555 iuris
775 496 901 555 Romani
924 495 1071 573 originem
1094 515 1144 554 ex-

128 586 240 662 plicare
264 585 322 645 sibi
344 585 563 664 proposuisset,
587 588 624 645 ut
646 587 759 645 ceteros
783 585 952 645 sacerdotes
975 585 1146 662 neglegam,

130 677 212 735 certe
235 675 271 734 de
293 673 484 750 pontificibus
509 693 570 734 non
593 673 690 734 dicere
713 692 774 733 non
795 673 939 751 potuisse,
963 673 1145 734 Triboniano

129 781 201 825 vero
220 764 277 823 hoc
295 763 452 839 Pomponii
469 766 561 839 caput
579 763 778 823 omittendum
796 763 889 822 fuisse
907 761 1012 840 negari
1030 762 1146 837 nequit.

128 852 230 930 itaque
244 852 276 911 in
290 850 310 928 ᾖ
328 854 366 912 13
382 853 455 912 baec
469 852 532 912 fere
546 852 746 927 Pomponium
760 851 914 928 scripsisse
929 869 1047 911 censeo:
1064 845 1146 911 ‘oon-

129 959 258 1018 sequene
281 945 336 1018 est,
357 945 394 1001 ut
411 934 518 1021 <tam>
539 941 575 1001 de
598 940 834 1019 magistratuum
855 934 969 1018 <quam
991 938 1027 998 de
1047 958 1146 999 saeer-

129 1029 246 1090 ‹iotium
272 1025 484 1109 publicorum>
505 1029 677 1090 nominibus
705 1032 736 1089 et
763 1029 879 1105 origine
908 1022 1146 1107 cognoscamus.'

217 1119 263 1179 Ac
304 1138 341 1179 ne
377 1119 409 1177 in
445 1118 585 1178 mutilato
623 1118 744 1195 quidem
779 1117 939 1194 Pomponii
974 1119 1146 1196 fragmento

129 1208 236 1267 harum
264 1227 366 1268 rerum
388 1207 518 1286 vestigia
541 1208 660 1267 desunt:
689 1225 760 1267 nam
782 1209 814 1266 et
835 1208 873 1266 de
896 1206 1023 1285 collegio
1046 1206 1146 1282 ponti·

129 1296 219 1357 ficum
247 1289 283 1378 (ξ
303 1289 337 1378 6)
361 1298 393 1356 et
417 1296 454 1357 de
477 1296 614 1357 maximis
638 1296 755 1356 duobus
778 1295 970 1372 pontificibus
994 1297 1030 1355 ut
1055 1295 1146 1354 iuris-

130 1386 275 1446 consultis
298 1385 415 1444 eximiis
439 1386 558 1446 disserit
583 1381 638 1462 (§§
653 1387 705 1446 39.
729 1376 796 1465 41).
845 1385 898 1446 sed
922 1385 1001 1461 quod
1023 1383 1148 1443 maximi

129 1474 277 1534 momenti
300 1477 358 1534 est:
383 1474 432 1534 vel
456 1475 542 1535 eiecti
564 1474 648 1534 illius
671 1473 778 1551 capitis
802 1474 1004 1550 fragmentum
1027 1473 1149 1534 videtur

130 1566 232 1623 extare
270 1562 368 1622 alieno
403 1563 468 1623 loco
500 1563 660 1641 insertum,
693 1563 807 1623 scilicet
839 1560 859 1638 ξ
887 1564 920 1623 6:
953 1554 1021 1640 ³(ex
1051 1561 1148 1621 isdem

130 1648 182 1727 [sc.
197 1651 317 1730 legibus
331 1650 391 1710 XII
404 1649 593 1727 tabularum]
611 1652 687 1729 legis
702 1653 834 1712 actiones
849 1651 1030 1727 compositae
1050 1641 1147 1731 sunt).

128 1740 287 1799 omnium
308 1742 430 1799 tamen
448 1733 624 1819 harum(‘?)
643 1743 679 1800 et
696 1740 969 1816 interpretandi
988 1738 1149 1799 scientia

128 1831 165 1887 et
192 1829 354 1889 actiones
383 1829 478 1904 apud
506 1829 702 1904 collegium
723 1829 943 1905 pontificum
966 1831 1087 1903 erant,
1112 1846 1148 1887 ex

127 1918 236 1994 quibus
273 1917 512 1978 constituebatur
544 1917 610 1995 quis
643 1935 760 1994 quoquc
795 1935 873 1977 anno
911 1921 1028 1993 praesto
1066 1919 1148 1977 esset

127 1999 289 2083 privatis’.1
343 2009 377 2066 ut
413 2026 516 2066 eorum
547 2024 624 2083 quae
652 2006 715 2065 dixi
742 2024 889 2066 summam
916 2005 1040 2066 faciam:
1068 2006 1148 2066 hanc

128 2088 359 2171 ‘interpretandi
386 2088 554 2156 scientiam'
582 2098 613 2154 et
634 2095 719 2154 illam
743 2088 827 2155 ‘iuris
853 2095 951 2156 civilis
974 2089 1144 2155 scientiam’

127 2183 159 2243 in
187 2183 291 2244 eodem
319 2184 416 2260 eapite
446 2184 518 2244 olim
545 2203 564 2243 a
586 2183 751 2260 Pomponio
781 2184 932 2261 expositas
961 2183 1055 2244 fuisse
1077 2182 1146 2243 veri

127 2272 316 2333 simillimum
329 2279 383 2334 est.
407 2273 510 2352 itaque
527 2273 553 2333 si
567 2273 634 2350 quis
644 2272 801 2350 Pomponii
814 2275 1028 2351 fragmentum,
1046 2271 1149 2349 quoad

127 2361 216 2421 hodie
244 2361 309 2422 fieri
330 2362 439 2440 possit,
468 2361 629 2422 restituere
651 2361 741 2435 volet,
765 2362 792 2422 ei
816 2381 884 2422 oum
907 2381 926 2421 a
946 2361 1020 2422 locis
1043 2380 1062 2421 a
1081 2360 1147 2420 Tri·

127 2450 258 2511 boniano
282 2451 400 2511 omissis
423 2453 489 2510 tum
512 2451 550 2510 ab
570 2451 704 2511 eiusdem
721 2450 935 2511 additamentis
953 2450 1004 2511 vel
1023 2450 1061 2509 ab
1080 2449 1148 2527 ipso

130 2538 264 2599 confictis
291 2539 340 2600 vel
366 2558 402 2598 ex
422 2540 492 2600 aliis
515 2539 679 2618 fragmenti
700 2539 838 2615 partibus
860 2538 1053 2616 transpositis
1077 2558 1148 2614 pro·

128 2626 321 2687 fieiscendnm
335 2629 405 2706 erit,
424 2627 476 2706 qui
494 2628 614 2705 singula
631 2628 724 2690 verba
740 2629 898 2688 emendare
913 2628 1056 2704 studebit,
1076 2646 1147 2687 eum

128 2716 303 2794 plerumque
335 2737 395 2777 non
427 2717 639 2793 Pomponium,
672 2717 724 2777 sed
757 2717 975 2779 Tribonianum
1007 2717 1149 2776 emenda·

126 2807 230 2864 turum
254 2823 318 2865 esse
340 2805 447 2866 iudico.

195 2981 434 3044 FRAGMENTI
455 2981 711 3044 POMPONIANI
735 2981 908 3044 GENUINI
931 2981 1085 3045 STATUS

497 3071 776 3133 LINEAMENTA.

202 3185 227 3245 L
257 3187 304 3246 Dc
325 3190 402 3248 faris
423 3179 550 3266 <populi
571 3183 723 3267 Romani>
745 3190 856 3263 cripim
879 3193 906 3248 et
923 3205 1071 3263 processu.

219 3335 291 3341 —-—
312 3301 514 3362 necessarium
542 3299 656 3381 [itaque
685 3299 786 3380 nobis]
810 3303 931 3365 videtur
953 3303 1049 3379 ipsius
1072 3303 1149 3363 iuris

132 3384 272 3470 (nostri)
295 3391 441 3470 originem
465 3393 555 3468 atque
578 3410 751 3467 processum
775 3392 981 3454 demonstrare
1005 3385 1081 3475 (pr.)

203 3529 228 3581 1.
248 3524 312 3582 God.
331 3527 473 3595 praeesset
490 3524 617 3596 privetis.
