2422 3976
95 192 161 256 546
460 188 735 253 enarrandum

98 354 224 418 fruetus
252 353 456 437 pertinet,u
436 352 517 416 utile
549 353 712 418 communi
747 351 922 418 dividundo
956 353 1111 419 iudicium

96 441 187 507 reddi
210 441 371 525 plerisque
394 441 524 524 placuit.

457 617 508 682 De
530 620 597 683 iure
619 619 744 683 dotium.

187 743 237 807 76.
260 740 334 807 Vat.
354 741 393 806 fr.
409 740 481 807 115.
509 738 626 828 (Paul)
648 779 686 789 -
708 790 763 807 ...
782 763 802 805 a
820 742 1016 826 quibusdam
1035 743 1109 808 dioi-

95 836 158 915 tur,
178 831 286 896 omnia
309 831 343 893 in
366 830 473 895 dotem
498 828 591 912 da<ri
616 829 739 914 posse).

187 920 237 984 77.
261 917 300 984 D.
315 917 367 999 25,
384 919 412 1001 1,
428 918 458 992 5,
473 919 503 982 2.
538 917 699 1001 Ulpianus
723 919 805 983 libro
828 919 999 1004 trigesimo
1020 924 1107 984 sexto

98 1008 138 1072 ad
163 1006 391 1073 Sabinum—
417 1005 452 1070 si
480 1006 538 1071 dos
561 1007 668 1072 soluta
692 1007 735 1071 sit
721 1011 821 1072 tnon
845 1007 960 1072 habita
982 1009 1107 1074 ratione

98 1098 328 1198 impensarum,
351 1095 520 1159 videndum
546 1100 604 1179 est,
628 1118 668 1160 an
692 1095 816 1160 eondiei
838 1097 945 1179 possit
967 1097 1002 1160 id
1026 1097 1106 1249 quod

96 1206 156 1269 pro
189 1184 343 1268 impensis
375 1185 564 1248 necessariis
596 1184 799 1267 compensari
826 1185 971 1297 solet.
1019 1188 1105 1250 .tesi

97 1273 241 1358 plerique
263 1275 457 1357 negent...

187 1361 237 1426 78.
266 1360 303 1426 D.
319 1361 372 1443 23,
385 1360 415 1443 2,
430 1361 481 1426 33.
513 1359 603 1424 Idem
624 1357 680 1447 (sa.
700 1358 888 1447 Marcellus)
907 1361 992 1426 libro
1011 1364 1104 1428 tertio

97 1451 137 1514 ad
171 1451 276 1533 legem
309 1410 489 1513 1111011101
475 1448 659 1533 tPapiam.
682 1485 726 1496 -
749 1449 896 1534 Plerique
925 1450 1103 1535 opinantur,

97 1560 170 1602 oum
199 1538 308 1602 eadem
337 1537 452 1601 mulier
480 1537 520 1601 ad
548 1538 683 1602 eundem
712 1538 818 1602 virum
832 1543 1044 1624 revertatur,
1074 1539 1102 1602 id

95 1626 337 1690 matrimonium
360 1624 444 1688 idem
469 1647 547 1691 esse.

188 1713 239 1778 79.
262 1714 301 1778 D.
312 1714 364 1797 23,
375 1715 404 1794 3,
415 1714 465 1779 66.
494 1713 582 1778 Idem
597 1711 655 1800 (sc.
666 1711 880 1800 Pomponius)
891 1714 978 1781 libro
994 1721 1101 1781 octavo

97 1802 139 1867 ad
163 1800 318 1878 Quintum
341 1801 490 1868 Mucium.
517 1839 555 1849 -
582 1802 616 1868 si
639 1803 862 1868 ususfructus
885 1804 992 1886 fundi,
1018 1806 1100 1869 euius

100 1892 332 1975 proprietatem
358 1891 473 1954 mulier
496 1911 563 1955 non
586 1889 740 1972 habebat,
763 1890 847 1957 dotis
870 1893 1004 1958 nomine
1027 1894 1099 1957 milri

97 2002 117 2044 a
138 1980 268 2044 domino
288 1979 496 2064 proprietatis
516 1980 616 2062 detur,
635 1978 809 2044 difficultas
829 1983 892 2044 erit
909 1986 986 2065 post
1004 1982 1098 2046 divor·

99 2069 181 2132 tium
214 2069 300 2132 cirea
326 2067 523 2132 reddendum
554 2068 605 2131 ius
633 2068 758 2132 mulieri
782 2071 1000 2153 ...quidam
1028 2091 1097 2155 ergo

98 2157 231 2235 remedii
251 2157 322 2221 loco
343 2205 372 2219 ..
391 2160 584 2239 putaverunt
601 2156 876 2241 introducendum,
899 2163 936 2223 ut
954 2161 1004 2223 vel
1022 2160 1096 2223 loeet

97 2246 183 2308 huno
201 2268 294 2309 usum
314 2246 454 2308 fructum
474 2245 599 2308 mulieri
620 2245 754 2309 maritus
773 2247 824 2308 vel
838 2248 960 2311 vendat
974 2268 1094 2312 nummo

98 2355 171 2417 suo,
200 2337 235 2396 ut
262 2335 366 2416 ipsum
396 2333 522 2416 quidem
550 2334 599 2396 ius
629 2339 793 2397 remaneat
822 2356 920 2416 penes
945 2338 1094 2414 maritum,

96 2424 259 2504 perceptio
283 2444 357 2485 vero
381 2421 545 2484 fruetuum
567 2422 606 2485 ad
630 2423 793 2485 mulierem
818 2425 989 2506 pertineat.

240 2599 290 2662 De
312 2599 525 2663 donationibus
538 2600 627 2662 ,inter
648 2601 750 2663 virum
772 2605 801 2663 et
821 2621 957 2665 oaorem.

187 2723 251 2786 80?
281 2721 319 2786 D.
333 2725 386 2804 41,
400 2724 430 2801 2,
448 2725 480 2806 1,
494 2724 523 2786 4.
564 2721 685 2786 Paulus
708 2724 791 2787 libro
816 2724 1088 2809 quinquagensimo

98 2815 213 2891 quarto
241 2811 280 2873 ad
309 2812 457 2874 edietum.
477 2847 518 2856 —
539 2810 573 2874 si
598 2813 645 2874 vir
669 2812 760 2875 uxori
785 2813 879 2876 cedat
901 2814 1087 2896 possessione

100 2899 283 2962 donationis
307 2922 413 2982 eausa,
435 2898 579 3000 plerique
602 2904 718 2981 putant
735 2901 902 2983 possidere
922 2923 1002 2986 eam,
1024 2921 1086 2984 quo

96 2986 183 3048 niam
208 3010 259 3049 res
283 2987 359 3050 faeti
383 2987 572 3050 infirmari
563 3011 631 3051 rure
654 2989 742 3052 oivili
764 3010 829 3053 non
853 2994 971 3090 potest.

186 3076 236 3138 81.
265 3074 529 3159 Ι).24,1,36,.1
566 3076 685 3140 Paulus
712 3077 833 3140 librot
819 3076 987 3162 trigesimo
1009 3078 1083 3140 sexto

97 3163 136 3225 ad
152 3162 236 3225 edit
214 3167 350 3226 tum.—
314 3162 508 3315 -Sponsus
525 3165 663 3229 alienum
678 3166 810 3229 anulum
827 3188 965 3250 sponsae
980 3160 1082 3230 muneri

96 3250 185 3313 misit
213 3257 346 3334 ettpos
367 3254 497 3335 nuptias
521 3275 578 3336 pro
603 3276 640 3318 eo
665 3276 758 3318 suum
782 3253 879 3318 dedit
925 3256 1081 3338 quidam..

94 3343 153 3420 put
155 3345 212 3402 ant
198 3339 300 3403 tfieri
319 3362 390 3403 eum
407 3341 558 3424 mulieris,
578 3343 654 3425 quia
668 3348 743 3407 tuno
758 3343 878 3407 saetam
893 3344 1079 3408 donationem

94 3427 282 3490 confirmare
306 3428 439 3511 videtur,
462 3453 527 3495 non
550 3453 667 3495 novam
691 3432 852 3496 inchoare.

182 3539 217 3598 ef.
240 3539 279 3614 ΙΙ,
297 3544 312 3596 1
333 3559 360 3613 p.
377 3542 448 3599 306.
