2422 3976
98 198 165 263 254
190 197 237 254 IV.
252 195 470 252 VESPASIANI
484 195 559 252 ΤΙΤΙ
572 196 768 253 DOMITIANI
782 197 890 254 TsMP.
903 197 1002 255 Imus
1016 199 1024 254 t

98 365 131 427 et
158 362 230 444 cepi
257 382 324 425 non
351 364 500 445 possent,
527 381 630 445 neque
657 361 710 425 lex
732 361 895 426 vendundi
918 384 1024 447 opper

98 455 193 531 esset,
206 449 263 514 sed
281 450 384 514 oculis
402 449 468 513 ium
487 451 720 534 praeciperent,
738 450 900 534 quodnam
920 456 1008 518 esset

97 540 255 624 cipiorum
279 559 391 623 genus,
413 540 513 622 suco,
536 539 654 630 iuquit,
677 540 850 622 antiocitus
869 542 1024 625 monetote

96 628 169 694 belli
190 632 281 710 captu
304 628 424 692 emonis
446 629 558 692 indutu
580 627 739 692 veniebam
759 633 789 692 et
804 629 918 694 idcirco
937 631 1024 696 oceo

95 717 152 783 sub
178 736 290 782 corono
315 717 427 781 uenire.
475 737 608 798 nomque
634 722 671 782 ut
694 737 731 782 eo
757 737 874 782 corono
900 719 1024 800 Quum

96 807 288 890 captiuorum
309 805 473 884 omnem,
495 806 542 870 ito
556 805 674 888 pilleus
695 807 858 890 impositus
876 808 1024 874 monet

96 896 246 961 eiusmodi
266 914 369 959 sevos
390 895 572 978 venundari,
594 915 726 976 quorem
747 896 872 961 nomine
893 899 1024 979 emptori

95 986 177 1050 ditor
198 983 280 1049 nibil
297 987 478 1068 praestaret.

184 1091 237 1156 20.
267 1089 308 1155 D.
321 1090 374 1172 21,
390 1090 419 1175 1,
433 1090 486 1154 20.
532 1088 632 1154 Gaius
659 1090 745 1155 libro
771 1091 878 1174 primo
907 1091 1024 1157 odedi

96 1180 250 1245 aedilium
278 1178 437 1244 curulium
462 1177 510 1261 (P.
525 1179 614 1263 381).
640 1214 679 1225 -
705 1177 739 1244 Si
761 1229 792 1245 ..
815 1185 891 1245 ente
914 1181 1024 1246 vendit

95 1272 225 1352 tempus
251 1268 373 1333 dictum
395 1266 631 1351 intercesserit,
659 1267 773 1332 deinde
795 1272 872 1352 post
895 1269 1024 1354 aliquot

95 1356 291 1442 interposite
322 1355 422 1420 fuerit
454 1356 637 1439 stipulatio,
671 1354 799 1422 Caelius
828 1355 970 1424 Sabinus
1001 1381 1024 1424 s«

96 1468 135 1511 ex
153 1446 261 1530 priore
284 1467 391 1529 ceusu,
414 1465 496 1529 quoe
515 1444 636 1523 stetim,
660 1445 775 1529 inquit,
793 1450 830 1510 ut
849 1447 952 1512 veniit
970 1448 1005 1512 id

96 1536 216 1619 cipium
240 1555 277 1598 eo
300 1535 432 1598 nomine
454 1554 550 1618 posse
574 1555 670 1618 egere
693 1534 810 1618 eoepit.

185 1645 340 1720 Quomodo
359 1645 444 1704 locus
462 1644 545 1705 veris
560 1647 697 1705 tentatus
714 1646 868 1706 emendari
882 1646 993 1707 debeat
1006 1668 1024 1708 n

392 1817 443 1883 De
464 1819 609 1882 iumentis
630 1819 811 1884 vendundis.

184 1944 236 2008 21.
256 1941 354 2022 D.21‚
366 1944 392 2024 1,
400 1943 452 2026 38,
462 1944 490 2008 7.
513 1941 602 2007 idem
614 1939 672 2031 (sc.
681 1939 857 2027 Ulpianus)
871 1944 957 2009 libro
973 1966 1024 2011 seo

96 2031 135 2096 od
164 2032 306 2096 edictum
334 2031 487 2095 aedilium
515 2032 673 2096 curulium
701 2028 751 2118 (P.
771 2028 882 2119 1792).
913 2069 952 2080 -
984 2032 1024 2099 Oe

95 2169 126 2186 ..
155 2120 271 2186 scribit
297 2141 361 2184 non
390 2121 500 2184 omnio
528 2119 681 2185 animalia
708 2125 850 2184 cestrota
879 2121 920 2185 ob
947 2122 980 2186 id
1004 2123 1024 2208 i]

95 2211 213 2274 vitioso
245 2231 328 2290 esse,
364 2210 427 2272 nisi
458 2213 592 2292 propter
624 2210 729 2294 ipsam
762 2211 992 2275 castrationem

96 2303 172 2363 sunt
199 2299 424 2381 imbecilliore,
449 2302 481 2361 et
507 2299 579 2362 ideo
609 2300 732 2362 mulum
759 2320 826 2362 non
855 2321 925 2363 esse
949 2301 1024 2365 vitio

94 2388 179 2452 idem
193 2388 292 2452 refert
303 2385 436 2451 Ofilium
450 2387 663 2470 existimasse,
673 2408 791 2470 equum
805 2386 985 2453 castratum
996 2411 1024 2453 se

95 2499 178 2562 esse,
211 2478 306 2542 sicuti
337 2477 436 2560 spado
466 2497 592 2560 quoque
621 2497 718 2539 senus
747 2480 809 2559 est;
843 2477 898 2540 sed
929 2479 957 2541 si
986 2500 1024 2542 en

94 2567 271 2651 ignoravit,
294 2565 443 2631 venditor
466 2565 541 2647 scit,
564 2585 603 2627 ex
626 2570 734 2647 empto
759 2587 828 2629 esse
852 2565 1024 2634 actionem.

183 2677 283 2737 Eisele
308 2677 337 2736 Z.
353 2677 379 2735 d.
395 2675 531 2735 Seu-St.
545 2675 581 2749 X,
597 2677 660 2734 314
671 2693 714 2752 sq.

183 2779 235 2844 22.
259 2779 298 2843 D.
312 2777 388 2842 ibid.
404 2780 424 2857 ᾖ
442 2778 480 2842 11
498 2775 547 2861 (P.
565 2777 674 2859 1793).
697 2813 741 2822 -
765 2775 934 2842 Vendendi
959 2829 989 2846 ..
1013 2801 1024 2843 c

95 2870 244 2932 ornatum
258 2868 436 2931 iumentum
451 2865 552 2930 videri
566 2862 694 2930 Coelius
710 2867 756 2929 eit
768 2888 843 2949 non,
863 2867 891 2930 si
906 2868 966 2933 sub
982 2873 1024 2932 ter

94 2954 292 3021 venditionis
317 2956 390 3036 [hoc
415 2959 465 3019 est
488 2954 585 3018 biduo
610 2957 686 3018 ante
704 2954 936 3040 venditionem]
957 2980 1024 3022 orm

94 3045 150 3130 sit,
179 3044 234 3108 sed
263 3045 290 3108 si
318 3048 352 3107 in
380 3045 450 3128 ipse
478 3043 662 3108 venditione
692 3048 841 3107 ornatum
866 3045 922 3129 sit,
950 3047 1022 3111 ideo

92 3132 213 3218 inquit,
236 3132 349 3197 venale
372 3156 445 3198 cum
470 3137 555 3196 esset
578 3133 624 3196 sic
648 3134 796 3196 ornatum
819 3135 1024 3217 inspiceretur

182 3240 248 3306 23?
266 3238 347 3304 Gell.
357 3241 386 3319 4,
398 3241 426 3320 2,
439 3242 466 3305 8.
490 3275 526 3285 -
550 3236 629 3303 Sues
650 3239 746 3302 etiam
765 3238 906 3305 feminae
930 3240 958 3305 si
979 3245 1024 3306 ste

94 3335 202 3396 essent
231 3335 263 3394 et
286 3351 401 3393 venum
425 3329 538 3411 issent,
568 3350 606 3392 ex
630 3327 734 3392 edicto
759 3328 911 3393 aedilium
934 3353 1024 3414 posse

93 3419 278 3485 Labeonem
302 3418 478 3501 scripsisse.

166 3585 179 3630 1
200 3577 248 3632 Fz.
267 3577 316 3630 eut
333 3575 406 3630 ideo.
