2422 3976
98 183 141 247 32
169 184 216 239 III.
231 182 306 239 GAII
320 181 466 240 CLAUDII
479 181 613 238 NERON.
627 183 770 238 GALBAI}
781 182 888 240 Tune.
898 183 995 238 Iulus
1005 183 1110 241 CONS.

98 373 125 428 p.
141 345 236 432 401),
264 371 329 412 cum
354 351 487 411 Iavoleni
515 352 608 411 libros
631 371 667 411 ex
691 351 793 412 Cassio
817 353 912 412 factos
936 351 1110 414 adhibuisse

100 442 173 500 satis
195 442 327 518 duceret,
351 439 447 499 (tassii
466 440 528 499 illis
551 441 637 500 libris
659 460 719 500 non
741 441 839 517 magis
861 459 933 501 usus
953 443 1000 500 est
1017 460 1109 518 qnam

97 530 235 607 Masurii;
257 529 392 590 Iauoleni
409 530 488 588 solos
505 529 538 588 in
555 531 712 589 auctorum
728 530 825 589 indice
842 529 978 589 nominat
997 521 1111 611 (Iavo-

98 620 169 678 lenu
192 639 228 678 ex
251 617 353 678 Cassio
376 617 476 696 βιβλία
498 610 693 699 δεκαπέντε).

187 707 402 783 Praeterquam
434 707 514 783 quod
543 706 680 768 Cassium
711 708 813 783 plures
846 725 936 782 quam
964 706 1110 767 Sabinum

97 796 189 857 libros
213 796 366 873 scripsisse
390 796 460 855 inde
483 799 622 874 apparet,
645 797 726 873 quod
747 796 891 855 laudatur
913 795 990 854 liber
1011 796 1048 875 X,
1072 797 1108 856 de

98 905 220 946 numero
243 884 319 945 nihil
341 887 471 961 constat,
495 885 636 944 Kcrlowa
653 885 669 943 Ι
687 905 715 961 p.
731 886 795 944 692
815 883 909 944 066666
931 884 1024 944 libros
1047 903 1110 946 non

97 975 253 1050 pauciores
276 992 366 1051 quam
383 973 527 1050 Iauoleni,
551 977 583 1033 at
600 974 740 1051 Krneger
761 994 789 1049 p.
807 975 869 1034 154
888 974 985 1032 multo
1004 974 1109 1049 plures

97 1063 189 1124 fuisse
213 1063 372 1123 existimat.

185 1153 230 1212 De
262 1171 361 1212 rerum
393 1151 496 1211 ordine
528 1170 547 1210 a
574 1150 678 1210 (tassio
711 1152 826 1210 statuto
858 1150 933 1210 haec
960 1152 1110 1213 monenda

97 1245 175 1301 sunt.
225 1260 293 1300 cum
322 1239 449 1300 secundo
477 1240 555 1299 libro
582 1241 619 1300 de
646 1239 812 1298 hereditate
838 1233 925 1300 iussu
950 1239 1062 1300 tutoris
1090 1259 1110 1301 a

96 1330 211 1407 pupillo
244 1329 391 1389 cernenda
421 1329 562 1388 videatur
593 1329 702 1388 dixisse
735 1322 784 1408 (D.
805 1328 860 1401 29,
885 1330 919 1406 2,
939 1330 994 1404 25,
1012 1331 1044 1388 4.
1063 1323 1108 1409 5),

96 1418 174 1478 libro
197 1419 254 1494 VI,
277 1419 303 1478 66
326 1418 447 1494 quidem
469 1435 611 1476 numerus
633 1418 751 1494 integer
774 1419 833 1490 est,
856 1417 892 1476 de
914 1419 1017 1477 tutore
1039 1418 1108 1479 ideo

96 1527 115 1566 a
136 1507 252 1584 pupillo
274 1509 383 1584 petito,
412 1506 491 1583 quod
514 1526 583 1566 cum
605 1509 706 1566 tutore
730 1524 783 1565 suo
806 1505 873 1581 lege
896 1509 950 1565 aut
972 1506 1108 1584 legitimo

95 1596 205 1655 iudicio
229 1613 317 1673 agere
339 1595 407 1655 vult
430 1588 481 1676 (D.
497 1597 547 1672 26,
564 1599 592 1670 1,
607 1597 637 1671 3,
652 1586 695 1676 2),
722 1594 799 1654 libro
818 1593 877 1652 VII
899 1594 935 1654 de
957 1594 1109 1656 bonorum

95 1683 283 1760 possessione
298 1683 334 1742 ab
350 1684 544 1759 emancipatis
557 1684 653 1760 petita
668 1675 719 1764 (D.
731 1685 782 1761 37,
793 1686 822 1759 6,
833 1685 862 1758 2,
875 1675 919 1762 5),
937 1683 1021 1743 libris
1032 1684 1109 1744 VIII

97 1775 128 1831 et
153 1773 181 1830 X
214 1772 248 1830 de
280 1773 441 1832 usufructu
474 1773 588 1850 legato,
621 1773 693 1849 quin
721 1771 819 1848 primo
847 1771 924 1831 libro
951 1772 988 1831 de
1015 1775 1109 1833 testa·

95 1862 213 1937 mentis,
234 1879 313 1920 nono
337 1865 438 1920 autem
460 1861 533 1920 item
557 1861 592 1919 de
616 1861 775 1919 usufructu
797 1861 898 1938 legato
921 1860 1107 1940 disseruerit,

96 1949 230 2009 dubItari
251 1950 364 2026 nequit.

184 2039 305 2098 Decimo
324 2038 401 2097 libro
416 2056 491 2114 opus
509 2057 569 2097 nou
585 2037 759 2097 absolutum
772 2037 864 2097 fuisse
878 2037 952 2096 satis
966 2041 1107 2118 apparet;

94 2127 303 2204 imperfectum
327 2129 427 2186 autem
451 2144 525 2202 opus
550 2125 689 2186 aOassio
712 2125 852 2185 relictum
875 2143 948 2202 esse,
971 2126 1003 2184 id
1026 2127 1108 2203 quod

96 2216 163 2293 quis
186 2216 356 2290 coniecerit,
381 2215 571 2291 improbatur
592 2215 678 2274 libris
702 2235 737 2274 ex
761 2213 863 2273 Cassio
886 2215 1030 2294 Iauoleni,
1055 2216 1107 2293 qui

96 2308 175 2378 certe
207 2305 239 2363 in
270 2305 317 2365 his
349 2305 435 2363 libris
467 2323 526 2364 non
558 2304 645 2363 modo
678 2304 714 2362 de
745 2303 949 2381 testamentis,
986 2305 1108 2381 legatis,

94 2394 241 2453 bonorum
263 2393 458 2469 possessione,
481 2393 533 2451 sed
556 2393 649 2451 etiam
671 2392 706 2451 de
726 2392 854 2468 dotibus,
877 2391 991 2469 tutelis,
1014 2393 1107 2469 adop-

94 2483 239 2560 tionibus,
263 2483 410 2557 emptione
433 2481 602 2541 venditione
627 2484 657 2541 et
679 2481 869 2557 usucapione,
892 2481 928 2539 de
952 2481 1107 2542 servituti·

93 2571 160 2648 bus,
172 2571 349 2647 interdictis,
364 2570 489 2646 delictis,
504 2570 651 2630 bonorum
664 2570 834 2632 vendItione
850 2569 933 2628 dixit.
959 2571 1107 2630 accedunt

95 2679 154 2717 non
176 2660 262 2718 nulla
284 2660 454 2737 fragmenta
475 2660 525 2719 vel
547 2659 658 2737 integri
680 2658 763 2736 libri,
792 2658 900 2734 quibus
929 2658 1003 2734 quid
1026 2663 1104 2719 trac·

94 2750 195 2806 tatum
218 2748 265 2823 sit,
289 2748 385 2807 adhuc
407 2768 467 2807 non
491 2749 564 2807 satis
587 2749 740 2824 cognitum
764 2751 817 2805 est.

182 2835 287 2910 Lenel,
315 2837 367 2914 qni
395 2838 492 2895 multa
517 2837 549 2894 in
571 2836 705 2896 Iauoleni
730 2834 777 2893 his
805 2834 890 2893 libris
918 2835 950 2893 in
978 2835 1106 2898 obscuro

94 2943 246 2984 remanere
275 2925 331 3001 ait,
359 2925 492 2984 dubitari
513 2944 600 3001 posse
624 2925 787 3001 existimat,
820 2917 870 2982 ‘an
894 2943 989 2983 unum
1011 2925 1108 2985 fuerit

94 3011 190 3072 Cassii
222 3032 296 3089 opus
328 3014 407 3091 quod
438 3014 597 3074 Iavolenus
630 3007 835 3088 excerpserit,
867 3007 910 3070 ‘et
943 3009 1107 3094 equidem',

92 3101 191 3178 inquit
217 3103 264 3163 vir
287 3103 491 3180 doctissimus,
515 3097 646 3161 ‘facilius
669 3101 806 3178 inducor,
835 3104 869 3160 ut
893 3101 1015 3161 credam
1037 3107 1108 3178 post

93 3190 187 3250 libros
222 3191 259 3250 de
294 3193 359 3252 iure
392 3191 474 3251 civili
506 3192 597 3250 etiam
630 3191 796 3268 singulares
830 3190 974 3266 quosdam
1008 3190 1107 3252 Cassii

93 3278 186 3339 libros
213 3279 245 3338 in
272 3281 348 3340 hanc
375 3281 526 3356 epitomen
554 3297 617 3339 esse
643 3273 799 3338 redactos’.
846 3282 878 3337 at
900 3297 998 3356 neque
1021 3281 1106 3356 quic-

94 3388 183 3444 quam
218 3369 320 3428 indicii
352 3372 410 3447 est,
446 3368 593 3427 eiusmodi
625 3369 717 3427 libros
750 3368 916 3446 singulares
949 3386 967 3426 a
1000 3367 1106 3430 Cassio

93 3457 215 3517 emissos
248 3475 312 3517 esse
342 3477 438 3534 neque
470 3457 536 3532 ipsa
566 3457 693 3515 materia
718 3457 852 3516 Iavoleni
883 3456 1029 3516 librorum
1057 3478 1106 3518 ex-

93 3547 258 3606 tremorum
281 3546 377 3623 qualis
401 3545 520 3622 quidem
544 3545 740 3622 cognoscitur,
762 3546 816 3604 illa
839 3545 1011 3605 coniectura
1029 3548 1105 3608 satis
