2422 3976
103 186 169 250 334
205 185 239 241 V.
257 184 406 239 NERVAE
425 184 471 240 ΕΤ
490 183 642 239 TRAIANI
659 183 768 240 ΤΕΜΡ.
787 183 883 241 Imus
903 185 1085 241 CONSULTI

102 356 140 415 ad
164 355 228 414 eius
252 355 475 431 Responsorum
498 353 590 414 libros
613 354 772 430 pertinere.
819 355 857 413 ad
885 373 974 432 quam
1003 357 1120 417 4411144-

100 448 202 503 1414111
239 441 469 503 eonfirmandam
506 461 687 520 quamquam
719 443 790 502 addi
821 447 930 522 potest,
965 445 997 504 in
1030 444 1120 505 Pauli

99 532 278 610 fragmentis
301 531 363 591 illis
381 550 559 607 responsum
578 551 695 608 quoque
713 532 832 592 Neratii
849 533 977 593 inveniri
997 526 1048 612 (D.
1065 536 1119 612 47,

102 624 151 695 19,
173 615 216 702 6),
245 624 276 680 41
302 620 382 680 idem
409 621 472 679 fere
500 621 580 698 quod
604 620 761 680 Neratium
789 622 978 698 respondisse
1003 622 1117 683 Paulus

99 705 135 771 D.
155 713 207 788 41,
227 711 294 788 3,8
323 708 424 777 refert,
452 709 530 771 libro
557 709 605 769 III
634 709 672 768 ad
699 710 858 770 Neratium
890 711 926 770 D.
946 713 1000 790 41,
1026 713 1055 790 3,
1074 714 1116 771 47

98 800 189 877 tradi,
211 801 313 858 tamen
334 798 402 875 plus
426 798 622 858 dubitationis
644 802 788 875 remanet,
817 818 908 875 quam
934 802 971 859 nt
999 800 1116 860 Neratii

102 887 275 966 fragmentis
294 887 515 962 Responsorum
538 888 623 947 libris
641 888 809 948 tribuendis
828 907 863 948 ea
882 888 993 949 addere
1012 890 1111 965 liceat,

98 997 174 1054 quae
197 995 233 1036 er
255 975 344 1035 Pauli
365 975 413 1033 his
435 974 521 1036 libris
543 977 645 1052 quaeri
667 979 801 1050 possunt.

187 1066 232 1124 De
263 1065 328 1123 iure
360 1065 497 1140 inprimis
529 1065 609 1124 eivili
642 1064 799 1125 Neratium
832 1065 944 1126 dixisse
977 1070 1111 1144 apparet.

99 1154 180 1233 qnod
197 1154 233 1214 de
252 1152 368 1230 peculio
386 1154 534 1227 quaedam
552 1153 676 1230 addidit,
694 1155 725 1213 in
743 1173 779 1215 eo
793 1154 971 1215 Iauolenum
990 1159 1109 1215 secutus

98 1244 230 1317 videtur,
261 1260 350 1319 quem
377 1240 454 1301 libro
478 1242 537 1300 XII
564 1262 600 1302 ex
624 1241 726 1302 Cassio
756 1243 792 1302 de
819 1243 937 1321 peculio
966 1247 998 1305 at
1022 1244 1058 1303 de
1083 1244 1109 1301 in

97 1352 162 1392 rem
193 1349 279 1392 verso
311 1330 420 1390 dixisse
448 1331 584 1391 vidimus.
635 1332 770 1407 priorum
801 1332 876 1392 iuris
904 1333 1106 1393 consultorum

98 1420 262 1481 sententias
290 1437 308 1476 a
334 1419 459 1479 Neratio
486 1421 619 1498 prolatas
647 1420 821 1480 Triboniani
844 1420 967 1480 adiutor
989 1422 1102 1482 videtur

98 1510 240 1570 abiecisse
263 1500 314 1590 (D.
329 1510 380 1583 45,
397 1510 425 1584 1,
441 1512 504 1570 140
511 1529 555 1585 pr.
590 1503 647 1568 ‘De
666 1510 722 1568 hae
740 1509 936 1586 stipulatione
958 1553 1010 1570 ...
1032 1508 1102 1587 apud

97 1602 213 1658 veteres
236 1597 353 1656 varium
376 1597 443 1658 fuit.
467 1598 591 1657 Paulus:
615 1597 667 1658 sed
689 1597 788 1658 verius
813 1601 879 1658 est.
896 1645 902 1658 .
918 1590 963 1679 ἶ).

185 1686 222 1745 In
240 1685 329 1744 Pauli
351 1685 528 1762 fragmentis
552 1705 620 1746 eum
638 1705 673 1745 ea
692 1706 768 1764 quae
787 1686 825 1745 ad
844 1686 1005 1747 Neratium
1024 1690 1102 1748 nota-

96 1775 154 1851 vit,
189 1773 307 1850 saepius
339 1773 450 1834 diserte
482 1775 677 1853 designentur
708 1767 904 1856 (quibusdam
937 1774 1101 1852 praemissis

96 1863 210 1942 legitur
233 1857 367 1922 ‘Paulus'
390 1863 422 1922 P.
440 1867 533 1924 1029.
556 1866 649 1925 1030.
672 1865 764 1924 1033.
787 1866 881 1924 1034.
903 1867 999 1926 1036.
1018 1865 1101 1925 1031.

99 1954 193 2013 1040.
211 1953 304 2012 1043.
320 1954 415 2012 1048,
452 1945 577 2012 Ῥ4111114
592 1948 688 2013 114141’
703 1953 734 2012 Ρ.
752 1955 846 2013 1040.
885 1945 1054 2013 ‘Neratius'
1065 2001 1071 2014 .
1082 1996 1099 2011 ..

98 2034 233 2100 ‘Paulus'
257 2041 288 2102 P.
314 2035 423 2122 1023),
447 2061 540 2100 unum
563 2043 768 2118 fragmentum
791 2042 876 2101 Pauli
901 2040 1099 2101 tantummodo

96 2134 200 2191 notam
214 2129 352 2189 exhibere
363 2130 471 2189 dieitur
486 2123 655 2210 (Ρ.1024).
672 2130 707 2189 de
717 2130 824 2189 ceteris
834 2131 1016 2208 fragmentis
1026 2128 1099 2190 dubi·

96 2220 156 2278 tari
179 2221 288 2295 potest,
311 2223 412 2276 utrum
434 2218 552 2278 Neratii
575 2238 613 2278 an
631 2219 720 2278 Pauli
744 2220 924 2279 sententiam
943 2221 1099 2280 exhibeant.

97 2327 225 2384 quorum
252 2308 492 2384 fragmentorum
519 2309 577 2366 duo
607 2327 718 2384 genera
742 2312 820 2384 sunt,
843 2308 976 2367 alterum
999 2327 1099 2381 eorum,

97 2416 172 2473 quae
187 2415 277 2454 unam
292 2396 471 2470 sententiam
486 2400 657 2471 separatam
671 2398 825 2456 continent
839 2389 897 2478 (ex.
912 2418 957 2473 gr.
969 2398 1001 2458 P.
1015 2398 1099 2457 1020.

98 2478 331 2632 10221025),
364 2486 491 2544 4114111111
525 2504 640 2558 eorum,
672 2485 780 2561 quibus
810 2487 912 2560 plures
941 2486 1099 2546 sententiae

96 2575 270 2634 coniunctae
289 2575 333 2632 ita
351 2574 554 2650 proferuntur,
572 2574 634 2634 ut
625 2594 657 2632 rn
674 2574 773 2649 priore
792 2577 879 2647 parte
894 2575 984 2634 Pauli
1001 2591 1099 2635 nomen

95 2667 174 2737 posi
175 2682 227 2720 um
242 2682 267 2721 s1
269 2655 342 2741 t(.P
355 2662 489 2722 10271).
500 2665 551 2736 35,
564 2666 742 2740 1,96pr..
757 2663 937 2722 .Paulus:.
954 2661 1098 2738 §.L

96 2753 128 2808 P.
145 2753 229 2812 1046
250 2751 285 2810 D.
301 2753 353 2827 45,
369 2756 383 2810 1
388 2753 550 2828 ,140pr.
567 2748 682 2825 .§1..
699 2752 869 2812 ...Paulus
886 2749 983 2826 .2.§
999 2744 1055 2832 ..):
1075 2751 1100 2808 in

95 2839 142 2896 his
176 2839 263 2897 Pauli
294 2858 402 2898 nornen
434 2839 472 2898 ad
504 2859 570 2899 eam
601 2844 720 2900 tantum
752 2841 947 2918 sententiam,
986 2843 1035 2901 oui
1064 2838 1098 2898 di·

96 2930 175 2986 serte
200 2927 349 2986 adiectum
373 2933 432 3001 est,
462 2934 599 3004 spectare
622 2931 695 2988 satis
719 2933 853 3006 apparet
900 2933 933 2989 41
955 2948 1050 3008 neque
1072 2944 1099 2986 ea

95 3015 247 3092 fragment
248 3035 274 3092 a,
296 3017 328 3074 in
351 3017 459 3093 quibus
483 3017 570 3077 Pauli
592 3036 701 3077 nomen
723 3019 816 3095 deest,
839 3037 937 3094 neque
960 3020 1098 3095 fragmen·

94 3109 194 3164 torum
212 3108 323 3182 partes,
342 3105 380 3163 ad
399 3125 474 3183 quas
493 3107 580 3165 Pauli
599 3126 707 3166 nomen
726 3108 872 3166 insertum
891 3126 951 3166 non
970 3107 1098 3184 pertinet,

94 3192 160 3253 ideo
183 3193 306 3253 Neratio
330 3194 538 3253 attribuendae
560 3200 638 3271 sunt,
657 3196 748 3254 immo
767 3196 851 3255 Pauli
872 3196 1015 3256 videntur
1032 3211 1098 3255 esse.

95 3283 166 3359 quin
194 3283 286 3342 etiam
315 3282 400 3341 Pauli
428 3284 524 3342 oratio
547 3302 761 3362 nonnunquam
784 3285 969 3365 agnoscitur,
996 3304 1039 3346 ex.
1060 3300 1096 3360 gr.

94 3372 296 3448 fragmentum
319 3370 351 3429 P.
369 3373 451 3430 1021
473 3372 508 3430 D.
527 3376 553 3449 7,
570 3376 597 3446 5,
610 3376 642 3432 41
655 3368 745 3450 ·‘ergo
765 3373 863 3433 4411114
884 3375 978 3433 etiam
997 3374 1033 3433 ab
1049 3372 1096 3429 hor

96 3459 242 3537 exigenda
261 3451 330 3519 erit'
349 3460 397 3518 vel
411 3460 477 3520 ideo
491 3461 584 3521 Paulo
600 3461 827 3521 attribuendum
841 3462 972 3542 videtur,
986 3458 1096 3540 quodin

93 3549 161 3607 aliis
177 3547 353 3624 fragmentis
366 3549 440 3608 haee
453 3550 606 3625 leguntur:
622 3544 759 3610 ‘Paulust
776 3570 847 3628 ergo
858 3598 883 3612 ..
898 3552 995 3612 ,idem
1010 3551 1094 3610 diean-
