<?xml version="1.0" encoding="UTF-8"?>
<!DOCTYPE html PUBLIC "-//W3C//DTD XHTML 1.0 Transitional//EN"
    "http://www.w3.org/TR/xhtml1/DTD/xhtml1-transitional.dtd">
<html xmlns="http://www.w3.org/1999/xhtml" xml:lang="en" lang="en">
 <head>
  <title>
</title>
<meta http-equiv="Content-Type" content="text/html;charset=utf-8" />
  <meta name='ocr-system' content='tesseract 3.04.00' />
  <meta name='ocr-capabilities' content='ocr_page ocr_carea ocr_par ocr_line ocrx_word'/>
</head>
<body>
  <div class='ocr_page' id='page_1' title='image "./iurisprudentiae01bremgoog_0122.png"; bbox 0 0 2422 3976; ppageno 0'>
   <div class='ocr_carea' id='block_1_1' title="bbox 440 193 1113 262">
    <p class='ocr_par' dir='ltr' id='par_1_1' title="bbox 440 193 1113 262">
     <span class='ocr_line' id='line_1_1' title="bbox 440 193 1113 262; baseline 0.022 -15"><span class='ocrx_word' id='word_1_1' title='bbox 440 199 463 247; x_wconf 80' lang='lat' dir='ltr'>t.</span> <span class='ocrx_word' id='word_1_2' title='bbox 490 194 629 251; x_wconf 78' lang='lat' dir='ltr'>SEXTUS</span> <span class='ocrx_word' id='word_1_3' title='bbox 647 193 777 251; x_wconf 82' lang='lat' dir='ltr'>PUDIUS</span> <span class='ocrx_word' id='word_1_4' title='bbox 1071 197 1113 262; x_wconf 81' lang='grc'>87</span> 
     </span>
    </p>
   </div>
   <div class='ocr_carea' id='block_1_2' title="bbox 119 355 1113 530">
    <p class='ocr_par' dir='ltr' id='par_1_2' title="bbox 119 355 1113 530">
     <span class='ocr_line' id='line_1_2' title="bbox 120 355 1113 443; baseline 0.005 -24"><span class='ocrx_word' id='word_1_5' title='bbox 120 355 229 421; x_wconf 86' lang='lat' dir='ltr'>etiamsi</span> <span class='ocrx_word' id='word_1_6' title='bbox 253 357 335 421; x_wconf 88' lang='lat' dir='ltr'>alius</span> <span class='ocrx_word' id='word_1_7' title='bbox 359 361 481 421; x_wconf 89' lang='lat' dir='ltr'>metum</span> <span class='ocrx_word' id='word_1_8' title='bbox 504 357 595 443; x_wconf 81' lang='lat' dir='ltr'>iecit;</span> <span class='ocrx_word' id='word_1_9' title='bbox 619 379 695 422; x_wconf 83' lang='lat' dir='ltr'>nam</span> <span class='ocrx_word' id='word_1_10' title='bbox 718 358 753 422; x_wconf 90' lang='lat' dir='ltr'>in</span> <span class='ocrx_word' id='word_1_11' title='bbox 776 359 909 423; x_wconf 87' lang='lat' dir='ltr'>alterius</span> <span class='ocrx_word' id='word_1_12' title='bbox 932 360 1113 442; x_wconf 83' lang='lat' dir='ltr'>praemium</span> 
     </span>
     <span class='ocr_line' id='line_1_3' title="bbox 119 445 852 530; baseline 0.004 -22"><span class='ocrx_word' id='word_1_13' title='bbox 119 445 183 508; x_wconf 80' lang='lat' dir='ltr'>verli</span> <span class='ocrx_word' id='word_1_14' title='bbox 205 446 346 510; x_wconf 89' lang='lat' dir='ltr'>alienum</span> <span class='ocrx_word' id='word_1_15' title='bbox 369 449 492 510; x_wconf 90' lang='lat' dir='ltr'>metum</span> <span class='ocrx_word' id='word_1_16' title='bbox 514 468 580 511; x_wconf 93' lang='lat' dir='ltr'>non</span> <span class='ocrx_word' id='word_1_17' title='bbox 605 451 741 530; x_wconf 80' lang='lat' dir='ltr'><strong>oportet.</strong></span> <span class='ocrx_word' id='word_1_18' title='bbox 848 490 852 496; x_wconf 87' lang='lat'><em>-</em></span> 
     </span>
    </p>
   </div>
   <div class='ocr_carea' id='block_1_3' title="bbox 498 602 719 658">
    <p class='ocr_par' dir='ltr' id='par_1_3' title="bbox 498 602 719 658">
     <span class='ocr_line' id='line_1_4' title="bbox 498 602 719 658; baseline 0.009 -2"><span class='ocrx_word' id='word_1_19' title='bbox 498 602 543 658; x_wconf 86' lang='lat' dir='ltr'>De</span> <span class='ocrx_word' id='word_1_20' title='bbox 560 604 622 658; x_wconf 85' lang='lat' dir='ltr'>aiolo</span> <span class='ocrx_word' id='word_1_21' title='bbox 639 604 719 658; x_wconf 85' lang='lat' dir='ltr'>maio.</span> 
     </span>
    </p>
   </div>
   <div class='ocr_carea' id='block_1_4' title="bbox 55 701 1112 1850">
    <p class='ocr_par' dir='ltr' id='par_1_4' title="bbox 55 701 1112 1478">
     <span class='ocr_line' id='line_1_5' title="bbox 190 701 1112 787; baseline 0.004 -21"><span class='ocrx_word' id='word_1_22' title='bbox 190 703 241 768; x_wconf 83' lang='lat'>12.</span> <span class='ocrx_word' id='word_1_23' title='bbox 270 702 310 768; x_wconf 90' lang='lat' dir='ltr'>D.</span> <span class='ocrx_word' id='word_1_24' title='bbox 333 703 364 784; x_wconf 86' lang='lat'>4,</span> <span class='ocrx_word' id='word_1_25' title='bbox 386 702 414 781; x_wconf 86' lang='lat'>3,</span> <span class='ocrx_word' id='word_1_26' title='bbox 439 701 517 779; x_wconf 53' lang='lat' dir='ltr'>1,AE</span> <span class='ocrx_word' id='word_1_27' title='bbox 568 701 727 787; x_wconf 79' lang='lat' dir='ltr'>Ulpianus</span> <span class='ocrx_word' id='word_1_28' title='bbox 758 703 842 768; x_wconf 92' lang='lat' dir='ltr'>libro</span> <span class='ocrx_word' id='word_1_29' title='bbox 872 705 1040 771; x_wconf 90' lang='lat' dir='ltr'>undecimo</span> <span class='ocrx_word' id='word_1_30' title='bbox 1071 705 1112 770; x_wconf 89' lang='lat' dir='ltr'>ad</span> 
     </span>
     <span class='ocr_line' id='line_1_6' title="bbox 110 787 1110 876; baseline 0.006 -24"><span class='ocrx_word' id='word_1_31' title='bbox 110 789 239 856; x_wconf 84' lang='lat' dir='ltr'>edictum</span> <span class='ocrx_word' id='word_1_32' title='bbox 267 788 317 876; x_wconf 88' lang='lat' dir='ltr'>(P.</span> <span class='ocrx_word' id='word_1_33' title='bbox 337 787 440 876; x_wconf 75' lang='lat'><strong>385⁸).</strong></span> <span class='ocrx_word' id='word_1_34' title='bbox 468 827 510 837; x_wconf 98' lang='lat'><strong>—</strong></span> <span class='ocrx_word' id='word_1_35' title='bbox 540 791 597 855; x_wconf 83' lang='lat' dir='ltr'>Ait</span> <span class='ocrx_word' id='word_1_36' title='bbox 623 798 768 875; x_wconf 86' lang='lat' dir='ltr'>praetor:</span> <span class='ocrx_word' id='word_1_37' title='bbox 800 789 841 856; x_wconf 77' lang='lat' dir='ltr'>‘si</span> <span class='ocrx_word' id='word_1_38' title='bbox 869 791 908 856; x_wconf 87' lang='lat' dir='ltr'>de</span> <span class='ocrx_word' id='word_1_39' title='bbox 935 793 986 857; x_wconf 90' lang='lat' dir='ltr'>his</span> <span class='ocrx_word' id='word_1_40' title='bbox 1014 794 1110 858; x_wconf 90' lang='lat' dir='ltr'>rebus</span> 
     </span>
     <span class='ocr_line' id='line_1_7' title="bbox 109 877 1111 963; baseline 0.005 -20"><span class='ocrx_word' id='word_1_41' title='bbox 109 878 163 943; x_wconf 83' lang='lat' dir='ltr'>clia</span> <span class='ocrx_word' id='word_1_42' title='bbox 186 880 275 944; x_wconf 87' lang='lat' dir='ltr'>sotio</span> <span class='ocrx_word' id='word_1_43' title='bbox 298 901 365 944; x_wconf 90' lang='lat' dir='ltr'>non</span> <span class='ocrx_word' id='word_1_44' title='bbox 388 877 471 945; x_wconf 91' lang='lat' dir='ltr'>erit&#39;.</span> <span class='ocrx_word' id='word_1_45' title='bbox 512 881 628 944; x_wconf 89' lang='lat' dir='ltr'>merito</span> <span class='ocrx_word' id='word_1_46' title='bbox 652 885 783 963; x_wconf 86' lang='lat' dir='ltr'>praetor</span> <span class='ocrx_word' id='word_1_47' title='bbox 807 880 854 944; x_wconf 88' lang='lat' dir='ltr'>ita</span> <span class='ocrx_word' id='word_1_48' title='bbox 877 881 1002 946; x_wconf 88' lang='lat' dir='ltr'>demum</span> <span class='ocrx_word' id='word_1_49' title='bbox 1028 883 1111 948; x_wconf 83' lang='lat' dir='ltr'>hanc</span> 
     </span>
     <span class='ocr_line' id='line_1_8' title="bbox 108 967 1111 1054; baseline 0.004 -23"><span class='ocrx_word' id='word_1_50' title='bbox 108 969 260 1033; x_wconf 79' lang='lat' dir='ltr'>actionem</span> <span class='ocrx_word' id='word_1_51' title='bbox 288 967 472 1054; x_wconf 88' lang='lat' dir='ltr'>pollicetur,</span> <span class='ocrx_word' id='word_1_52' title='bbox 500 970 528 1032; x_wconf 92' lang='lat' dir='ltr'>si</span> <span class='ocrx_word' id='word_1_53' title='bbox 557 969 710 1033; x_wconf 84' lang='lat' dir='ltr'>alienon</span> <span class='ocrx_word' id='word_1_54' title='bbox 733 969 784 1046; x_wconf 91' lang='lat' dir='ltr'>sit,</span> <span class='ocrx_word' id='word_1_55' title='bbox 810 969 961 1052; x_wconf 85' lang='lat' dir='ltr'>quoniam</span> <span class='ocrx_word' id='word_1_56' title='bbox 984 969 1111 1036; x_wconf 86' lang='lat' dir='ltr'>famosa</span> 
     </span>
     <span class='ocr_line' id='line_1_9' title="bbox 55 1056 1111 1141; baseline 0.004 -22"><span class='ocrx_word' id='word_1_57' title='bbox 55 1126 57 1137; x_wconf 37' lang='grc' dir='ltr'>Ι</span> <span class='ocrx_word' id='word_1_58' title='bbox 107 1056 182 1122; x_wconf 86' lang='lat' dir='ltr'>actio</span> <span class='ocrx_word' id='word_1_59' title='bbox 213 1079 282 1122; x_wconf 92' lang='lat' dir='ltr'>non</span> <span class='ocrx_word' id='word_1_60' title='bbox 314 1061 434 1121; x_wconf 89' lang='lat' dir='ltr'>temere</span> <span class='ocrx_word' id='word_1_61' title='bbox 467 1056 579 1121; x_wconf 90' lang='lat' dir='ltr'>debuit</span> <span class='ocrx_word' id='word_1_62' title='bbox 611 1080 631 1122; x_wconf 89' lang='lat' dir='ltr'>a</span> <span class='ocrx_word' id='word_1_63' title='bbox 662 1063 811 1140; x_wconf 88' lang='lat' dir='ltr'>praetore</span> <span class='ocrx_word' id='word_1_64' title='bbox 839 1057 980 1141; x_wconf 87' lang='lat' dir='ltr'>decerni,</span> <span class='ocrx_word' id='word_1_65' title='bbox 1012 1059 1040 1122; x_wconf 90' lang='lat' dir='ltr'>si</span> <span class='ocrx_word' id='word_1_66' title='bbox 1068 1059 1111 1124; x_wconf 92' lang='lat' dir='ltr'>sit</span> 
     </span>
     <span class='ocr_line' id='line_1_10' title="bbox 55 1144 1111 1231; baseline 0.003 -22"><span class='ocrx_word' id='word_1_67' title='bbox 55 1144 57 1209; x_wconf 78' lang='grc' dir='ltr'>ῗ</span> <span class='ocrx_word' id='word_1_68' title='bbox 106 1145 204 1210; x_wconf 88' lang='lat' dir='ltr'>civilis</span> <span class='ocrx_word' id='word_1_69' title='bbox 228 1146 281 1210; x_wconf 86' lang='lat' dir='ltr'>vel</span> <span class='ocrx_word' id='word_1_70' title='bbox 304 1145 488 1231; x_wconf 86' lang='lat' dir='ltr'>honoraria,</span> <span class='ocrx_word' id='word_1_71' title='bbox 512 1169 576 1231; x_wconf 92' lang='lat' dir='ltr'>qua</span> <span class='ocrx_word' id='word_1_72' title='bbox 598 1147 704 1229; x_wconf 92' lang='lat' dir='ltr'>possit</span> <span class='ocrx_word' id='word_1_73' title='bbox 727 1145 872 1228; x_wconf 85' lang='lat' dir='ltr'>experiri,</span> <span class='ocrx_word' id='word_1_74' title='bbox 896 1167 998 1230; x_wconf 92' lang='lat' dir='ltr'>usque</span> <span class='ocrx_word' id='word_1_75' title='bbox 1022 1147 1111 1228; x_wconf 88' lang='lat' dir='ltr'>adeo,</span> 
     </span>
     <span class='ocr_line' id='line_1_11' title="bbox 106 1232 1110 1316; baseline 0.005 -21"><span class='ocrx_word' id='word_1_76' title='bbox 106 1239 135 1297; x_wconf 90' lang='lat' dir='ltr'>ut</span> <span class='ocrx_word' id='word_1_77' title='bbox 157 1233 279 1299; x_wconf 90' lang='lat' dir='ltr'>Pedius</span> <span class='ocrx_word' id='word_1_78' title='bbox 302 1233 385 1298; x_wconf 91' lang='lat' dir='ltr'>libro</span> <span class='ocrx_word' id='word_1_79' title='bbox 411 1240 526 1299; x_wconf 87' lang='lat' dir='ltr'>octavo</span> <span class='ocrx_word' id='word_1_80' title='bbox 551 1232 703 1316; x_wconf 81' lang='lat' dir='ltr'>scribot²,</span> <span class='ocrx_word' id='word_1_81' title='bbox 730 1234 828 1298; x_wconf 86' lang='lat' dir='ltr'>etiam</span> <span class='ocrx_word' id='word_1_82' title='bbox 852 1235 880 1298; x_wconf 92' lang='lat' dir='ltr'>si</span> <span class='ocrx_word' id='word_1_83' title='bbox 904 1233 1110 1300; x_wconf 85' lang='lat' dir='ltr'>interdictum</span> 
     </span>
     <span class='ocr_line' id='line_1_12' title="bbox 106 1321 1110 1409; baseline 0.004 -25"><span class='ocrx_word' id='word_1_84' title='bbox 106 1325 141 1386; x_wconf 90' lang='lat' dir='ltr'>sit</span> <span class='ocrx_word' id='word_1_85' title='bbox 163 1345 229 1406; x_wconf 90' lang='lat' dir='ltr'>quo</span> <span class='ocrx_word' id='word_1_86' title='bbox 255 1323 326 1407; x_wconf 86' lang='lat' dir='ltr'>quis</span> <span class='ocrx_word' id='word_1_87' title='bbox 350 1321 496 1407; x_wconf 88' lang='lat' dir='ltr'>experiri,</span> <span class='ocrx_word' id='word_1_88' title='bbox 519 1324 570 1387; x_wconf 85' lang='lat' dir='ltr'>vel</span> <span class='ocrx_word' id='word_1_89' title='bbox 594 1323 738 1407; x_wconf 75' lang='lat' dir='ltr'>exceptio</span> <span class='ocrx_word' id='word_1_90' title='bbox 758 1344 874 1406; x_wconf 88' lang='lat' dir='ltr'>quase</span> <span class='ocrx_word' id='word_1_91' title='bbox 894 1323 1110 1409; x_wconf 88' lang='lat' dir='ltr'>tueripossit,</span> 
     </span>
     <span class='ocr_line' id='line_1_13' title="bbox 103 1410 481 1478; baseline 0.005 -3"><span class='ocrx_word' id='word_1_92' title='bbox 103 1431 222 1475; x_wconf 84' lang='lat' dir='ltr'>cessare</span> <span class='ocrx_word' id='word_1_93' title='bbox 245 1411 309 1475; x_wconf 89' lang='lat' dir='ltr'>hoc</span> <span class='ocrx_word' id='word_1_94' title='bbox 331 1410 481 1478; x_wconf 88' lang='lat' dir='ltr'>edictum.</span> 
     </span>
    </p>

    <p class='ocr_par' dir='ltr' id='par_1_5' title="bbox 102 1495 1109 1850">
     <span class='ocr_line' id='line_1_14' title="bbox 187 1495 1109 1586; baseline 0.001 -21"><span class='ocrx_word' id='word_1_95' title='bbox 187 1501 240 1565; x_wconf 86' lang='lat'>13.</span> <span class='ocrx_word' id='word_1_96' title='bbox 263 1497 303 1565; x_wconf 92' lang='lat' dir='ltr'>D.</span> <span class='ocrx_word' id='word_1_97' title='bbox 318 1500 348 1582; x_wconf 83' lang='lat'>6,</span> <span class='ocrx_word' id='word_1_98' title='bbox 364 1499 392 1581; x_wconf 94' lang='lat'>1,</span> <span class='ocrx_word' id='word_1_99' title='bbox 407 1501 437 1564; x_wconf 77' lang='lat'>7.</span> <span class='ocrx_word' id='word_1_100' title='bbox 481 1499 571 1564; x_wconf 90' lang='lat' dir='ltr'>Idem</span> <span class='ocrx_word' id='word_1_101' title='bbox 596 1497 652 1584; x_wconf 88' lang='lat' dir='ltr'>(sc.</span> <span class='ocrx_word' id='word_1_102' title='bbox 675 1495 810 1586; x_wconf 84' lang='lat' dir='ltr'>Paulus)</span> <span class='ocrx_word' id='word_1_103' title='bbox 833 1500 917 1564; x_wconf 92' lang='lat' dir='ltr'>libro</span> <span class='ocrx_word' id='word_1_104' title='bbox 941 1500 1109 1566; x_wconf 89' lang='lat' dir='ltr'>undecimo</span> 
     </span>
     <span class='ocr_line' id='line_1_15' title="bbox 103 1584 1109 1673; baseline 0.003 -22"><span class='ocrx_word' id='word_1_105' title='bbox 103 1588 133 1651; x_wconf 85' lang='lat' dir='ltr'>ad</span> <span class='ocrx_word' id='word_1_106' title='bbox 162 1588 305 1652; x_wconf 88' lang='lat' dir='ltr'>edictum</span> <span class='ocrx_word' id='word_1_107' title='bbox 334 1587 383 1672; x_wconf 90' lang='lat' dir='ltr'>(P.</span> <span class='ocrx_word' id='word_1_108' title='bbox 402 1584 492 1673; x_wconf 83' lang='lat'><strong>214).</strong></span> <span class='ocrx_word' id='word_1_109' title='bbox 522 1625 560 1634; x_wconf 93' lang='lat'><em>-</em></span> <span class='ocrx_word' id='word_1_110' title='bbox 591 1586 625 1652; x_wconf 83' lang='lat' dir='ltr'>si</span> <span class='ocrx_word' id='word_1_111' title='bbox 653 1587 695 1670; x_wconf 89' lang='lat' dir='ltr'>is,</span> <span class='ocrx_word' id='word_1_112' title='bbox 726 1589 781 1672; x_wconf 90' lang='lat' dir='ltr'>qui</span> <span class='ocrx_word' id='word_1_113' title='bbox 804 1589 930 1672; x_wconf 70' lang='lat' dir='ltr'>&#39;optulit</span> <span class='ocrx_word' id='word_1_114' title='bbox 957 1611 991 1654; x_wconf 88' lang='lat' dir='ltr'>se</span> <span class='ocrx_word' id='word_1_115' title='bbox 1018 1590 1109 1654; x_wconf 90' lang='lat' dir='ltr'>fundi</span> 
     </span>
     <span class='ocr_line' id='line_1_16' title="bbox 102 1676 1108 1762; baseline 0.003 -21"><span class='ocrx_word' id='word_1_116' title='bbox 102 1676 323 1760; x_wconf 75' lang='lat' dir='ltr'>vindicationi,</span> <span class='ocrx_word' id='word_1_117' title='bbox 347 1677 518 1741; x_wconf 88' lang='lat' dir='ltr'>damnatus</span> <span class='ocrx_word' id='word_1_118' title='bbox 543 1681 601 1760; x_wconf 91' lang='lat' dir='ltr'>est,</span> <span class='ocrx_word' id='word_1_119' title='bbox 623 1676 727 1742; x_wconf 86' lang='lat' dir='ltr'>nihilo</span> <span class='ocrx_word' id='word_1_120' title='bbox 751 1677 857 1742; x_wconf 91' lang='lat' dir='ltr'>minus</span> <span class='ocrx_word' id='word_1_121' title='bbox 881 1700 900 1741; x_wconf 86' lang='lat' dir='ltr'>a</span> <span class='ocrx_word' id='word_1_122' title='bbox 922 1700 1108 1762; x_wconf 83' lang='lat' dir='ltr'>possessore</span> 
     </span>
     <span class='ocr_line' id='line_1_17' title="bbox 102 1765 665 1850; baseline 0.004 -23"><span class='ocrx_word' id='word_1_123' title='bbox 102 1770 179 1830; x_wconf 87' lang='lat' dir='ltr'>recte</span> <span class='ocrx_word' id='word_1_124' title='bbox 201 1765 340 1850; x_wconf 87' lang='lat' dir='ltr'>petitur,</span> <span class='ocrx_word' id='word_1_125' title='bbox 363 1765 448 1830; x_wconf 89' lang='lat' dir='ltr'>sicut</span> <span class='ocrx_word' id='word_1_126' title='bbox 469 1765 586 1830; x_wconf 91' lang='lat' dir='ltr'>Pedius</span> <span class='ocrx_word' id='word_1_127' title='bbox 610 1765 665 1829; x_wconf 89' lang='lat' dir='ltr'>ait.</span> 
     </span>
    </p>
   </div>
   <div class='ocr_carea' id='block_1_5' title="bbox 396 1923 810 1993">
    <p class='ocr_par' dir='ltr' id='par_1_6' title="bbox 396 1923 810 1993">
     <span class='ocr_line' id='line_1_18' title="bbox 396 1923 810 1993; baseline 0.005 -17"><span class='ocrx_word' id='word_1_128' title='bbox 396 1923 445 1978; x_wconf 80' lang='lat' dir='ltr'>Ea</span> <span class='ocrx_word' id='word_1_129' title='bbox 463 1924 561 1993; x_wconf 75' lang='lat' dir='ltr'>quibas</span> <span class='ocrx_word' id='word_1_130' title='bbox 579 1923 670 1977; x_wconf 84' lang='lat' dir='ltr'>canois</span> <span class='ocrx_word' id='word_1_131' title='bbox 687 1923 810 1978; x_wconf 87' lang='lat' dir='ltr'>naiores.</span> 
     </span>
    </p>
   </div>
   <div class='ocr_carea' id='block_1_6' title="bbox 184 2021 1106 2109">
    <p class='ocr_par' dir='ltr' id='par_1_7' title="bbox 184 2021 1106 2109">
     <span class='ocr_line' id='line_1_19' title="bbox 184 2021 1106 2109; baseline 0 -22"><span class='ocrx_word' id='word_1_132' title='bbox 184 2022 235 2087; x_wconf 89' lang='grc'>14.</span> <span class='ocrx_word' id='word_1_133' title='bbox 251 2023 348 2107; x_wconf 73' lang='lat'>1141,</span> <span class='ocrx_word' id='word_1_134' title='bbox 355 2025 454 2109; x_wconf 87' lang='lat' dir='ltr'>3,8,l.</span> <span class='ocrx_word' id='word_1_135' title='bbox 475 2021 595 2087; x_wconf 85' lang='lat' dir='ltr'>Paulus</span> <span class='ocrx_word' id='word_1_136' title='bbox 610 2022 692 2087; x_wconf 94' lang='lat' dir='ltr'>libro</span> <span class='ocrx_word' id='word_1_137' title='bbox 708 2023 895 2087; x_wconf 89' lang='lat' dir='ltr'>duodecimo</span> <span class='ocrx_word' id='word_1_138' title='bbox 912 2023 951 2086; x_wconf 88' lang='lat' dir='ltr'>ad</span> <span class='ocrx_word' id='word_1_139' title='bbox 966 2022 1106 2087; x_wconf 88' lang='lat' dir='ltr'>edictum</span> 
     </span>
    </p>
   </div>
   <div class='ocr_carea' id='block_1_7' title="bbox 100 2106 1107 2284">
    <p class='ocr_par' dir='ltr' id='par_1_8' title="bbox 100 2106 1107 2284">
     <span class='ocr_line' id='line_1_20' title="bbox 100 2106 1107 2200; baseline 0.002 -26"><span class='ocrx_word' id='word_1_140' title='bbox 100 2106 142 2195; x_wconf 92' lang='lat' dir='ltr'>(P.</span> <span class='ocrx_word' id='word_1_141' title='bbox 161 2109 253 2200; x_wconf 79' lang='lat'><strong>232).</strong></span> <span class='ocrx_word' id='word_1_142' title='bbox 280 2149 317 2158; x_wconf 93' lang='lat'>-</span> <span class='ocrx_word' id='word_1_143' title='bbox 344 2134 481 2194; x_wconf 90' lang='lat' dir='ltr'>..eum,</span> <span class='ocrx_word' id='word_1_144' title='bbox 509 2112 563 2196; x_wconf 92' lang='lat' dir='ltr'>qui</span> <span class='ocrx_word' id='word_1_145' title='bbox 591 2133 649 2176; x_wconf 92' lang='lat' dir='ltr'>suo</span> <span class='ocrx_word' id='word_1_146' title='bbox 672 2110 803 2175; x_wconf 89' lang='lat' dir='ltr'>nomine</span> <span class='ocrx_word' id='word_1_147' title='bbox 826 2111 908 2174; x_wconf 94' lang='lat' dir='ltr'>nihil</span> <span class='ocrx_word' id='word_1_148' title='bbox 931 2134 1107 2196; x_wconf 80' lang='lat' dir='ltr'>usucapere</span> 
     </span>
     <span class='ocr_line' id='line_1_21' title="bbox 100 2198 1062 2284; baseline 0.001 -21"><span class='ocrx_word' id='word_1_149' title='bbox 100 2205 209 2281; x_wconf 88' lang='lat' dir='ltr'>potest,</span> <span class='ocrx_word' id='word_1_150' title='bbox 232 2222 273 2264; x_wconf 90' lang='lat' dir='ltr'>ne</span> <span class='ocrx_word' id='word_1_151' title='bbox 297 2221 354 2284; x_wconf 89' lang='lat' dir='ltr'>per</span> <span class='ocrx_word' id='word_1_152' title='bbox 377 2223 504 2265; x_wconf 89' lang='lat' dir='ltr'>servum</span> <span class='ocrx_word' id='word_1_153' title='bbox 529 2199 657 2284; x_wconf 90' lang='lat' dir='ltr'>quidem</span> <span class='ocrx_word' id='word_1_154' title='bbox 680 2222 777 2284; x_wconf 90' lang='lat' dir='ltr'>posse</span> <span class='ocrx_word' id='word_1_155' title='bbox 798 2198 915 2264; x_wconf 87' lang='lat' dir='ltr'>Pedius</span> <span class='ocrx_word' id='word_1_156' title='bbox 940 2200 1062 2265; x_wconf 83' lang='lat' dir='ltr'>scribit.</span> 
     </span>
    </p>
   </div>
   <div class='ocr_carea' id='block_1_8' title="bbox 99 2309 1106 2460">
    <p class='ocr_par' dir='ltr' id='par_1_9' title="bbox 99 2309 1106 2460">
     <span class='ocr_line' id='line_1_22' title="bbox 180 2309 1106 2390; baseline 0.001 -21"><span class='ocrx_word' id='word_1_157' title='bbox 180 2311 263 2369; x_wconf 90' lang='lat' dir='ltr'>Num</span> <span class='ocrx_word' id='word_1_158' title='bbox 281 2312 354 2370; x_wconf 87' lang='lat' dir='ltr'>haee</span> <span class='ocrx_word' id='word_1_159' title='bbox 373 2311 431 2371; x_wconf 89' lang='lat' dir='ltr'>duo</span> <span class='ocrx_word' id='word_1_160' title='bbox 449 2311 620 2390; x_wconf 83' lang='lat' dir='ltr'>fragmenta</span> <span class='ocrx_word' id='word_1_161' title='bbox 637 2310 708 2369; x_wconf 88' lang='lat' dir='ltr'>libri</span> <span class='ocrx_word' id='word_1_162' title='bbox 721 2309 797 2369; x_wconf 89' lang='lat' dir='ltr'>VIII</span> <span class='ocrx_word' id='word_1_163' title='bbox 815 2309 936 2388; x_wconf 85' lang='lat' dir='ltr'>fuerint,</span> <span class='ocrx_word' id='word_1_164' title='bbox 954 2329 1014 2370; x_wconf 88' lang='lat' dir='ltr'>non</span> <span class='ocrx_word' id='word_1_165' title='bbox 1033 2312 1106 2371; x_wconf 89' lang='lat' dir='ltr'>satis</span> 
     </span>
     <span class='ocr_line' id='line_1_23' title="bbox 99 2403 217 2460; baseline 0.042 -5"><span class='ocrx_word' id='word_1_166' title='bbox 99 2403 217 2460; x_wconf 86' lang='lat' dir='ltr'>constat.</span> 
     </span>
    </p>
   </div>
   <div class='ocr_carea' id='block_1_9' title="bbox 447 2513 756 2574">
    <p class='ocr_par' dir='ltr' id='par_1_10' title="bbox 447 2513 756 2574">
     <span class='ocr_line' id='line_1_24' title="bbox 447 2513 756 2574; baseline 0 0"><span class='ocrx_word' id='word_1_167' title='bbox 447 2515 555 2574; x_wconf 89' lang='lat' dir='ltr'>Liber</span> <span class='ocrx_word' id='word_1_168' title='bbox 577 2513 756 2574; x_wconf 82' lang='lat' dir='ltr'>IX—XIV?</span> 
     </span>
    </p>
   </div>
   <div class='ocr_carea' id='block_1_10' title="bbox 252 2622 947 2688">
    <p class='ocr_par' dir='ltr' id='par_1_11' title="bbox 252 2622 947 2688">
     <span class='ocr_line' id='line_1_25' title="bbox 252 2622 947 2688; baseline -0.003 -12"><span class='ocrx_word' id='word_1_169' title='bbox 252 2622 297 2676; x_wconf 84' lang='lat' dir='ltr'>Dc</span> <span class='ocrx_word' id='word_1_170' title='bbox 315 2624 480 2677; x_wconf 75' lang='lat' dir='ltr'>alienatione</span> <span class='ocrx_word' id='word_1_171' title='bbox 497 2623 598 2677; x_wconf 82' lang='lat' dir='ltr'>indicii</span> <span class='ocrx_word' id='word_1_172' title='bbox 615 2623 743 2677; x_wconf 77' lang='lat' dir='ltr'>mutandi</span> <span class='ocrx_word' id='word_1_173' title='bbox 760 2637 845 2676; x_wconf 85' lang='lat' dir='ltr'>cansa</span> <span class='ocrx_word' id='word_1_174' title='bbox 862 2622 947 2688; x_wconf 81' lang='lat' dir='ltr'>facta.</span> 
     </span>
    </p>
   </div>
   <div class='ocr_carea' id='block_1_11' title="bbox 96 2720 1104 3162">
    <p class='ocr_par' dir='ltr' id='par_1_12' title="bbox 96 2720 1104 3162">
     <span class='ocr_line' id='line_1_26' title="bbox 183 2720 1104 2806; baseline 0 -21"><span class='ocrx_word' id='word_1_175' title='bbox 183 2721 233 2786; x_wconf 88' lang='lat'>15.</span> <span class='ocrx_word' id='word_1_176' title='bbox 259 2722 298 2785; x_wconf 92' lang='lat' dir='ltr'>D.</span> <span class='ocrx_word' id='word_1_177' title='bbox 310 2723 342 2802; x_wconf 88' lang='grc'>4,</span> <span class='ocrx_word' id='word_1_178' title='bbox 358 2724 386 2805; x_wconf 80' lang='grc'>7,</span> <span class='ocrx_word' id='word_1_179' title='bbox 400 2724 431 2805; x_wconf 89' lang='grc'>4,</span> <span class='ocrx_word' id='word_1_180' title='bbox 445 2724 475 2788; x_wconf 80' lang='grc'>2.</span> <span class='ocrx_word' id='word_1_181' title='bbox 516 2721 678 2806; x_wconf 85' lang='lat' dir='ltr'>Ulpianus</span> <span class='ocrx_word' id='word_1_182' title='bbox 701 2722 785 2787; x_wconf 90' lang='lat' dir='ltr'>libro</span> <span class='ocrx_word' id='word_1_183' title='bbox 803 2721 902 2786; x_wconf 89' lang='lat' dir='ltr'>tertio</span> <span class='ocrx_word' id='word_1_184' title='bbox 922 2720 1044 2785; x_wconf 90' lang='lat' dir='ltr'>decimo</span> <span class='ocrx_word' id='word_1_185' title='bbox 1064 2721 1104 2785; x_wconf 84' lang='lat' dir='ltr'>ad</span> 
     </span>
     <span class='ocr_line' id='line_1_27' title="bbox 97 2806 1104 2897; baseline 0.001 -26"><span class='ocrx_word' id='word_1_186' title='bbox 97 2809 231 2875; x_wconf 90' lang='lat' dir='ltr'>edictum</span> <span class='ocrx_word' id='word_1_187' title='bbox 255 2806 305 2895; x_wconf 95' lang='lat' dir='ltr'>(P.</span> <span class='ocrx_word' id='word_1_188' title='bbox 320 2808 408 2897; x_wconf 81' lang='lat'><strong>447).</strong></span> <span class='ocrx_word' id='word_1_189' title='bbox 429 2847 471 2857; x_wconf 98' lang='lat'><em>-</em></span> <span class='ocrx_word' id='word_1_190' title='bbox 492 2811 609 2874; x_wconf 89' lang='lat' dir='ltr'>Pedius</span> <span class='ocrx_word' id='word_1_191' title='bbox 632 2810 714 2874; x_wconf 91' lang='lat' dir='ltr'>libro</span> <span class='ocrx_word' id='word_1_192' title='bbox 737 2832 821 2875; x_wconf 91' lang='lat' dir='ltr'>nono</span> <span class='ocrx_word' id='word_1_193' title='bbox 845 2831 911 2874; x_wconf 88' lang='lat' dir='ltr'>non</span> <span class='ocrx_word' id='word_1_194' title='bbox 935 2810 1039 2874; x_wconf 90' lang='lat' dir='ltr'>solum</span> <span class='ocrx_word' id='word_1_195' title='bbox 1064 2809 1104 2873; x_wconf 87' lang='lat' dir='ltr'>ad</span> 
     </span>
     <span class='ocr_line' id='line_1_28' title="bbox 96 2896 1103 2982; baseline 0 -21"><span class='ocrx_word' id='word_1_196' title='bbox 96 2896 227 2963; x_wconf 90' lang='lat' dir='ltr'>dominii</span> <span class='ocrx_word' id='word_1_197' title='bbox 246 2901 491 2964; x_wconf 79' lang='lat' dir='ltr'>translationem</span> <span class='ocrx_word' id='word_1_198' title='bbox 510 2900 571 2964; x_wconf 90' lang='lat' dir='ltr'>hoc</span> <span class='ocrx_word' id='word_1_199' title='bbox 586 2898 726 2962; x_wconf 89' lang='lat' dir='ltr'>edictum</span> <span class='ocrx_word' id='word_1_200' title='bbox 740 2899 901 2982; x_wconf 89' lang='lat' dir='ltr'>pertinere</span> <span class='ocrx_word' id='word_1_201' title='bbox 917 2899 972 2981; x_wconf 89' lang='lat' dir='ltr'>ait,</span> <span class='ocrx_word' id='word_1_202' title='bbox 991 2920 1103 2963; x_wconf 88' lang='lat' dir='ltr'>verum</span> 
     </span>
     <span class='ocr_line' id='line_1_29' title="bbox 96 2986 1104 3073; baseline 0.003 -25"><span class='ocrx_word' id='word_1_203' title='bbox 96 2986 130 3050; x_wconf 85' lang='lat' dir='ltr'>ad</span> <span class='ocrx_word' id='word_1_204' title='bbox 166 2988 387 3072; x_wconf 90' lang='lat' dir='ltr'>possessionis</span> <span class='ocrx_word' id='word_1_205' title='bbox 421 3008 560 3073; x_wconf 91' lang='lat' dir='ltr'>quoque:</span> <span class='ocrx_word' id='word_1_206' title='bbox 601 2988 742 3068; x_wconf 78' lang='lat' dir='ltr'>alioquin</span> <span class='ocrx_word' id='word_1_207' title='bbox 773 3008 842 3052; x_wconf 82' lang='lat' dir='ltr'>enen</span> <span class='ocrx_word' id='word_1_208' title='bbox 873 3008 931 3068; x_wconf 79' lang='lat' dir='ltr'>qno</span> <span class='ocrx_word' id='word_1_209' title='bbox 966 2989 1002 3051; x_wconf 92' lang='lat' dir='ltr'>in</span> <span class='ocrx_word' id='word_1_210' title='bbox 1038 3008 1104 3052; x_wconf 84' lang='lat' dir='ltr'>rem</span> 
     </span>
     <span class='ocr_line' id='line_1_30' title="bbox 98 3077 1026 3162; baseline -0.002 -21"><span class='ocrx_word' id='word_1_211' title='bbox 98 3077 252 3162; x_wconf 66' lang='lat' dir='ltr'>epacta,</span> <span class='ocrx_word' id='word_1_212' title='bbox 274 3077 393 3160; x_wconf 86' lang='lat' dir='ltr'>inquit,</span> <span class='ocrx_word' id='word_1_213' title='bbox 414 3079 444 3142; x_wconf 87' lang='lat' dir='ltr'>si</span> <span class='ocrx_word' id='word_1_214' title='bbox 462 3078 648 3159; x_wconf 79' lang='lat' dir='ltr'>possessione</span> <span class='ocrx_word' id='word_1_215' title='bbox 670 3077 763 3158; x_wconf 81' lang='lat' dir='ltr'>cessit,</span> <span class='ocrx_word' id='word_1_216' title='bbox 785 3097 849 3141; x_wconf 90' lang='lat' dir='ltr'>non</span> <span class='ocrx_word' id='word_1_217' title='bbox 871 3077 1026 3140; x_wconf 79' lang='lat' dir='ltr'>tenebitur.</span> 
     </span>
    </p>
   </div>
   <div class='ocr_carea' id='block_1_12' title="bbox 405 3232 797 3302">
    <p class='ocr_par' dir='ltr' id='par_1_13' title="bbox 405 3232 797 3302">
     <span class='ocr_line' id='line_1_31' title="bbox 405 3232 797 3302; baseline 0.008 -16"><span class='ocrx_word' id='word_1_218' title='bbox 405 3232 460 3302; x_wconf 75' lang='lat' dir='ltr'>(lai</span> <span class='ocrx_word' id='word_1_219' title='bbox 477 3234 625 3289; x_wconf 80' lang='lat' dir='ltr'>arbitrium</span> <span class='ocrx_word' id='word_1_220' title='bbox 641 3234 797 3302; x_wconf 66' lang='lat' dir='ltr'>receperat.</span> 
     </span>
    </p>
   </div>
   <div class='ocr_carea' id='block_1_13' title="bbox 95 3329 1102 3506">
    <p class='ocr_par' dir='ltr' id='par_1_14' title="bbox 95 3329 1102 3506">
     <span class='ocr_line' id='line_1_32' title="bbox 181 3329 1102 3416; baseline -0.002 -20"><span class='ocrx_word' id='word_1_221' title='bbox 181 3332 233 3396; x_wconf 88' lang='lat'>16.</span> <span class='ocrx_word' id='word_1_222' title='bbox 256 3329 297 3395; x_wconf 92' lang='lat' dir='ltr'>D.</span> <span class='ocrx_word' id='word_1_223' title='bbox 310 3332 341 3411; x_wconf 88' lang='grc'>4,</span> <span class='ocrx_word' id='word_1_224' title='bbox 357 3333 386 3412; x_wconf 88' lang='grc'>8,</span> <span class='ocrx_word' id='word_1_225' title='bbox 402 3333 477 3415; x_wconf 81' lang='lat' dir='ltr'>Ipr.</span> <span class='ocrx_word' id='word_1_226' title='bbox 513 3329 674 3416; x_wconf 87' lang='lat' dir='ltr'>Ulpianus</span> <span class='ocrx_word' id='word_1_227' title='bbox 697 3333 780 3397; x_wconf 89' lang='lat' dir='ltr'>libro</span> <span class='ocrx_word' id='word_1_228' title='bbox 799 3333 897 3396; x_wconf 90' lang='lat' dir='ltr'>tertio</span> <span class='ocrx_word' id='word_1_229' title='bbox 918 3332 1041 3396; x_wconf 90' lang='lat' dir='ltr'>decimo</span> <span class='ocrx_word' id='word_1_230' title='bbox 1062 3331 1102 3394; x_wconf 87' lang='lat' dir='ltr'>ad</span> 
     </span>
     <span class='ocr_line' id='line_1_33' title="bbox 95 3415 1102 3506; baseline 0.002 -25"><span class='ocrx_word' id='word_1_231' title='bbox 95 3418 232 3503; x_wconf 70' lang='lat' dir='ltr'>edictum</span> <span class='ocrx_word' id='word_1_232' title='bbox 257 3415 306 3506; x_wconf 93' lang='lat' dir='ltr'>(P.</span> <span class='ocrx_word' id='word_1_233' title='bbox 320 3418 424 3506; x_wconf 74' lang='lat'><strong>4530).</strong></span> <span class='ocrx_word' id='word_1_234' title='bbox 446 3457 485 3468; x_wconf 94' lang='lat'>—</span> <span class='ocrx_word' id='word_1_235' title='bbox 506 3421 623 3486; x_wconf 90' lang='lat' dir='ltr'>Pedius</span> <span class='ocrx_word' id='word_1_236' title='bbox 646 3421 729 3485; x_wconf 90' lang='lat' dir='ltr'>libro</span> <span class='ocrx_word' id='word_1_237' title='bbox 747 3442 835 3485; x_wconf 92' lang='lat' dir='ltr'>nono</span> <span class='ocrx_word' id='word_1_238' title='bbox 854 3424 886 3485; x_wconf 90' lang='lat' dir='ltr'>et</span> <span class='ocrx_word' id='word_1_239' title='bbox 904 3419 1102 3502; x_wconf 87' lang='lat' dir='ltr'>Pomponius</span> 
     </span>
    </p>
   </div>
   <div class='ocr_carea' id='block_1_14' title="bbox 163 3558 539 3614">
    <p class='ocr_par' dir='ltr' id='par_1_15' title="bbox 163 3558 539 3614">
     <span class='ocr_line' id='line_1_34' title="bbox 163 3558 539 3614; baseline 0.013 -5"><span class='ocrx_word' id='word_1_240' title='bbox 163 3563 178 3609; x_wconf 94' lang='lat'><strong>1</strong></span> <span class='ocrx_word' id='word_1_241' title='bbox 198 3558 246 3614; x_wconf 82' lang='lat' dir='ltr'>Fi.</span> <span class='ocrx_word' id='word_1_242' title='bbox 265 3559 345 3613; x_wconf 88' lang='lat' dir='ltr'>utet</span> <span class='ocrx_word' id='word_1_243' title='bbox 364 3600 371 3612; x_wconf 95' lang='lat'><strong>.</strong></span> <span class='ocrx_word' id='word_1_244' title='bbox 387 3599 415 3613; x_wconf 91' lang='lat'>..</span> <span class='ocrx_word' id='word_1_245' title='bbox 435 3559 539 3614; x_wconf 84' lang='lat' dir='ltr'>scribit.</span> 
     </span>
    </p>
   </div>
   <div class='ocr_carea' id='block_1_15' title="bbox 0 0 1216 3976">
    <p class='ocr_par' dir='ltr' id='par_1_16' title="bbox 0 0 1216 3976">
     <span class='ocr_line' id='line_1_35' title="bbox 0 0 1216 3976; baseline 0 4"><span class='ocrx_word' id='word_1_246' title='bbox 0 0 1216 3976; x_wconf 95' lang='lat' dir='ltr'> </span> 
     </span>
    </p>
   </div>
  </div>
 </body>
</html>
