2460 3976
108 182 173 246 422
209 181 242 237 V.
261 181 410 236 NERVAE
429 179 477 235 ET
495 179 647 236 TRAIANI
665 179 772 236 ΤΕΜΡ.
790 179 889 236 IURIS
908 177 1092 235 CONSULTI

523 348 630 408 Liber
652 348 704 407 IV.

439 459 488 525 De
511 459 646 524 libertate
666 459 782 524 relicta.

197 575 248 640 80.
276 574 315 641 D
330 575 382 656 28
396 575 426 659 8,
442 576 491 640 11.
523 572 694 639 Iavolenus
708 573 792 638 libro
808 578 924 658 quarto
934 595 974 638 ex
984 575 1123 656 postem

108 664 219 729 oribus
255 625 498 728 Laboouisi-
533 664 593 744 Qui
628 663 730 746 filium
769 662 945 728 libertinum
982 661 1122 745 babebat,

108 752 243 818 heredem
265 773 334 816 eum
356 753 545 831 instituerat,
573 753 680 816 deinde
701 753 748 816 ito
769 752 949 832 scripserat:
979 749 1020 816 si
1042 713 1122 816 moli

106 843 193 925 filius
209 841 316 906 nullus
333 843 399 920 erit,
419 843 473 923 qui
489 842 525 905 in
543 862 633 906 suom
653 841 777 906 tutelam
795 842 992 923 venialium
1009 839 1121 906 Dama

106 951 211 996 seruus
238 930 312 994 liber
336 928 419 996 esto’.
454 929 581 1011 <uultus
602 930 723 1012 nisi>
710 949 737 994 rs
759 929 845 1012 fitius
862 890 1007 1010 pipillus
1028 928 1120 994 leber·

107 1021 193 1085 tinus
213 1024 295 1083 erat:
318 1019 526 1103 quaerebatur,
548 1020 578 1083 si
599 1018 707 1083 Dama
731 1019 805 1084 liber
826 1021 910 1084 esset.
937 1017 1120 1084 Trebatius

105 1113 204 1192 nepot,
226 1110 302 1189 quia
324 1107 384 1190 filii
406 1108 609 1190 appellatione
632 1107 790 1171 libertinus
812 1127 928 1188 amque
950 1108 1118 1172 continere·

106 1202 173 1275 tur;
205 1197 306 1261 Labeo
337 1201 457 1278 couno,
490 1197 565 1278 quio
596 1217 629 1260 eo
661 1197 723 1260 loco
753 1216 859 1261 oerum
888 1195 993 1278 filium
1019 1196 1120 1278 accipi

106 1290 225 1369 oportet.
270 1285 404 1350 Trebatii
425 1286 607 1350 seutentiam
623 1283 747 1368 probo[‚
770 1286 800 1349 si
822 1289 924 1348 tamen
945 1288 1118 1350 testatorem

105 1374 218 1439 deboc
237 1374 304 1458 uuo
328 1375 459 1439 locutum
482 1395 543 1439 esse
565 1372 720 1456 opparetJ.

196 1464 247 1529 81.
270 1462 309 1527 D.
318 1463 371 1542 40,
382 1463 412 1544 7,
421 1463 473 1528 39.
510 1462 681 1527 Iavolenus
694 1462 779 1527 libro
794 1466 910 1546 quarto
925 1483 966 1526 ex
980 1461 1115 1545 postori-

107 1551 217 1616 oribus
241 1549 411 1616 Labeonis.
435 1587 474 1601 ·—
500 1551 649 1616 ‘Stichum
671 1551 759 1616 Attio
781 1552 819 1616 do
838 1551 901 1635 lopo
922 1555 963 1635 et,
987 1552 1017 1616 si
1038 1552 1068 1616 is
1088 1551 1116 1616 ei

104 1658 246 1704 nummos
272 1645 392 1705 centmn
413 1641 540 1726 dederit,
568 1640 643 1704 leber
665 1639 746 1705 esto’.
789 1641 820 1704 si
841 1659 946 1704 servm
968 1659 1007 1705 ea
1029 1643 1114 1705 testa

105 1732 203 1792 mento
230 1749 371 1794 nummos
393 1730 480 1793 Attio
506 1729 647 1811 tulisset,
674 1748 723 1793 eos
745 1733 873 1810 repetere
893 1727 1032 1794 lteredem
1053 1747 1113 1793 nou

98 1837 189 1898 posse
215 1817 316 1882 Labeo
343 1818 510 1902 eutstimot,
537 1819 611 1899 quia
633 1818 741 1882 Attius
767 1838 816 1882 eos
838 1839 859 1882 a
880 1837 966 1882 seruo
988 1838 1045 1884 suo
1067 1836 1110 1882 ac-

104 1907 225 1989 ceperit,
252 1926 316 1970 non
342 1907 381 1971 ab
406 1906 523 1972 heredis
549 1926 641 1972 servo.
685 1925 755 1970 nrm
776 1911 879 1970 autuu
900 1907 1108 1973 statulibemu

104 2015 167 2059 esse
200 1995 331 2074 Quintus
362 1996 501 2078 Mucius,
538 1995 652 2059 Gallus
688 2000 716 2059 et
753 1996 818 2077 ipse
849 1994 951 2060 Labeo
983 1999 1106 2078 putout;

104 2083 242 2167 Servius,
272 2083 383 2168 Ofilius
404 2105 466 2148 non
489 2104 557 2148 esse.
603 2085 789 2165 superiorem
810 2085 992 2148 senteutiam
1008 2084 1103 2167 probo,

103 2173 150 2236 ita
174 2178 287 2253 tamen,
310 2178 347 2238 ut
366 2174 395 2237 is
417 2193 521 2238 seruus
543 2173 668 2256 benedis,
691 2193 753 2236 nou
776 2174 919 2255 lopatorii
941 2175 989 2255 sit,
1012 2175 1102 2256 utpote

103 2282 173 2325 oum
196 2263 327 2344 lepoturu
350 2260 502 2327 libertate²
525 2262 658 2326 tollatur.

193 2351 244 2415 82.
273 2351 312 2415 D.
326 2349 402 2414 ibid.
417 2354 436 2431 ξ
453 2352 479 2415 1.
504 2388 546 2396 -
571 2349 704 2416 ‘Stichus
727 2351 801 2416 libor
822 2354 891 2434 esto,
915 2353 1037 2433 picando
1057 2365 1098 2413 on

104 2439 240 2504 alienum
268 2460 369 2504 meum
396 2441 529 2504 solutum
556 2440 786 2504 creditoribusoe
815 2441 891 2504 meis
918 2440 1096 2521 satisfactum

103 2527 182 2592 erit’.
222 2530 362 2610 quamuis
384 2529 469 2592 bores
491 2529 622 2610 locuples
643 2529 796 2605 entitisset
819 2533 921 2592 tomen
944 2550 1007 2594 non
1019 2526 1095 2611 prin

105 2615 243 2682 Stichum
266 2618 465 2681 liberunt
414 2619 465 2698 fut
464 2638 565 2699 urum,
588 2638 682 2699 quom
700 2619 860 2681 creditores
870 2619 1038 2698 pecuniam
1052 2613 1095 2679 anl

103 2711 153 2768 sat
152 2706 179 2769 is
206 2709 388 2786 decepissent
375 2707 510 2770 toliooe
535 2727 594 2787 quo
622 2708 709 2770 ruodo
736 2706 795 2770 sibi
821 2707 984 2790 cavissent,
1011 2702 1092 2771 Labtl
1152 2736 1154 2775 ÷

105 2792 216 2874 Ofilius
237 2797 464 2875 responderunt.
1152 2804 1154 2817 '

193 2883 244 2947 83.
276 2882 315 2949 D
329 2884 405 2948 1b1d
424 2885 561 2964 §2—
591 2884 628 2948 Si
658 2884 743 2948 bores
770 2903 853 2948 semo
874 2904 1038 2965 pecuniam
1061 2871 1094 2940 ol
1152 2888 1154 2919 ⁵

102 2990 177 3051 nepo
179 2971 319 3036 tiandum
337 2974 470 3053 dedisset,
488 2977 550 3036 stat
538 2973 699 3036 tuliberum
717 2992 784 3036 eam
802 2974 905 3054 ipsam
918 2963 1091 3038 numerault

103 3059 230 3123 liberari
252 3081 288 3124 en
312 3067 367 3126 tots
366 3083 455 3126 arnon
457 3067 486 3125 o
508 3082 570 3125 uon
585 3081 673 3143 posse
691 3061 792 3125 Labeo
812 3061 975 3128 Trebatius
992 3069 1092 3141 respo?

103 3150 224 3227 derunt,
256 3151 330 3230 quio
359 3152 481 3215 reddere
507 3171 575 3215 eam
602 3151 702 3232 mapis
728 3170 822 3232 quum
848 3151 925 3215 dare
951 3148 1091 3215 omnent·

102 3258 154 3318 epo
168 3244 253 3320 puto,
271 3240 300 3302 si
313 3241 483 3320 peculiares
500 3241 623 3303 nummi
638 3240 773 3322 fuerunt,
792 3260 829 3304 en
848 3244 1021 3304 testamento
1036 3241 1091 3299 ott

103 3325 231 3390 liberum
251 3326 402 3407 futurum.

193 3416 245 3479 84.
267 3415 306 3481 D.
320 3416 395 3480 ibid.
410 3419 429 3496 ἓ
444 3418 473 3481 3.
488 3453 529 3461 -
544 3414 644 3499 <Cum
659 3417 706 3481 ito
719 3417 789 3498 quis
801 3417 976 3502 scriplum>
990 3413 1090 3481 ‘Dant

176 3559 189 3606 1
213 3555 287 3611 Trtb.
307 3557 381 3611 statu
399 3553 538 3611 libertato.
