2422 3976
346 208 372 260 4.
391 201 580 259 acuamus
598 203 785 260 uouemus
1030 205 1074 270 43

347 407 395 466 De
416 408 555 467 honorum
572 412 661 482 purte
683 409 784 482 leuato.

144 523 199 590 25.
236 521 277 589 D.
296 525 354 609 30,
373 525 430 610 26,
448 526 478 590 2.
533 525 731 610 Pomponius
767 526 852 592 libro
885 527 999 613 quinto
1033 528 1074 593 ad

55 611 214 678 Sabinum
249 611 300 699 (P.
322 610 414 700 448).
445 650 488 660 -
521 613 603 680 (lum
641 615 799 680 honorum
834 620 928 700 parte
965 617 1075 702 legata

53 700 191 767 dubium
210 702 263 786 sil,
281 704 393 766 ulrum
407 723 515 767 rerum
528 707 638 786 partes
653 725 696 767 an
711 704 894 770 aestimatio
910 704 1074 792 debemur,

57 788 200 855 Sabinus
221 837 246 855 ..
264 795 298 855 et
312 788 443 856 Cassius
459 790 730 876 aestimationem,
747 790 903 858 Proculus
918 798 951 858 et
965 792 1075 858 Nerva

55 898 166 944 rerum
189 881 301 963 partes
325 900 396 944 esse
418 879 546 965 legales
570 881 845 946 exislimaverunt.

253 1088 300 1147 De
321 1090 359 1148 lis
381 1105 456 1162 quae
477 1090 530 1148 sub
553 1089 717 1149 condioioue
739 1090 879 1164 leuantur.

142 1205 212 1271 26?
246 1203 286 1270 D.
305 1206 362 1286 35,
384 1208 417 1292 1,
435 1207 487 1274 68.
541 1207 713 1272 Iavolenus
744 1207 828 1273 libro
862 1206 1002 1272 secundo
1036 1230 1075 1273 ex

54 1291 182 1360 Cassio.
218 1331 256 1341 -
292 1292 326 1360 Si
359 1297 407 1360 ita
437 1297 582 1381 legatum
614 1300 701 1360 esset
731 1294 817 1361 ‘cum
844 1295 1013 1379 nubseril'‚
1046 1297 1075 1361 si

54 1386 159 1467 nupta
172 1382 272 1448 fuerit
284 1386 317 1447 et
326 1384 388 1448 hoc
397 1388 537 1449 testator
547 1384 668 1468 scisset,
683 1384 821 1449 alterum
831 1384 1074 1450 matrimonium

53 1492 118 1538 esse
127 1472 380 1557 exspectandum
390 1473 537 1557 nihilque
546 1474 702 1558 interesse,
713 1477 820 1538 utrum
831 1473 907 1538 vivo
916 1476 1074 1539 uscatore

56 1583 97 1625 an
120 1565 200 1644 post
224 1564 363 1626 mortem
387 1583 427 1626 ea
448 1562 566 1627 iterum
588 1561 744 1646 nupserit.

145 1681 347 1741 Tribonianus
385 1681 518 1758 scripsil:
560 1675 795 1742 ‘matrimonium
831 1682 904 1743 erit
939 1682 1073 1762 nihilque

54 1763 235 1831 intererih'

145 1880 200 1946 27.
223 1877 293 1945 Gai.
304 1882 334 1964 3,
344 1879 397 1946 98.
419 1915 465 1927 -
487 1931 514 1946 ..
537 1881 682 1966 legatum
707 1881 766 1946 sub
790 1880 978 1965 inpossibili
1000 1903 1074 1946 con·

54 1968 184 2034 dicione
220 1969 369 2034 relictum
405 1969 509 2035 nostri
540 1972 765 2053 praeceptores
798 1968 932 2053 proinde
965 1969 1074 2034 deberi

55 2061 189 2141 putant,
213 2079 250 2122 ac
274 2056 301 2122 si
325 2058 393 2123 sine
417 2058 604 2124 condicione
626 2059 774 2123 relictum
798 2063 892 2123 esset.

418 2267 466 2327 De
488 2268 547 2341 leuc
568 2267 714 2326 Falcidia.

144 2386 199 2451 28.
223 2384 324 2467 Dea,
336 2386 405 2467 2,1,
418 2388 467 2451 14.
504 2384 623 2459 Paulus
641 2385 725 2450 libro
740 2386 898 2471 singulari
913 2386 952 2450 ad
967 2387 1073 2470 legem

55 2472 235 2539 Falcidiam
263 2471 315 2560 (P.
332 2474 435 2559 921⁰).
464 2511 505 2522 -
535 2471 569 2539 Si
601 2472 767 2539 coheredis
795 2474 859 2538 mei
886 2475 993 2557 portio
1021 2495 1075 2539 ex·

57 2561 174 2627 hausta
205 2567 261 2646 sit,
289 2585 361 2627 mea
388 2563 526 2648 integra,
559 2566 592 2627 ei
614 2563 705 2626 illam
733 2561 937 2629 vindicavero
961 2562 1020 2648 (sc.
1038 2567 1076 2627 ut

56 2647 237 2738 caducam),
256 2647 389 2716 Cassius
408 2650 648 2716 confundendas
672 2672 742 2715 esse
764 2655 875 2735 paries
899 2651 1074 2716 existimat.

386 2862 438 2928 Dc
458 2864 623 2967 usufructu
646 2864 749 2946 leuato.

334 2992 381 3051 De
402 2994 558 3066 uuufructu
580 2996 666 3053 ucoru'
687 2994 794 3052 relicto.

144 3110 198 3176 29.
221 3108 262 3175 D.
274 3110 325 3195 10,
335 3111 365 3189 2,
374 3110 469 3193 44,7.
505 3109 626 3175 Paulus
645 3111 728 3177 libro
748 3115 838 3176 sexto
858 3110 900 3175 ad
917 3108 1074 3176 Sabinum

54 3196 105 3286 (P.
126 3195 239 3286 1740).
268 3197 409 3264 —Usu
436 3197 544 3264 fructu
571 3199 663 3264 uxori
690 3200 799 3286 legato
830 3199 931 3265 donec
959 3200 989 3264 ei
1016 3198 1074 3264 dos

57 3289 220 3366 solvatur,
252 3309 312 3371 per
344 3286 502 3352 arbitrum
530 3287 674 3352 familiae
702 3288 908 3354 erciscundae
934 3291 1003 3352 lam
1031 3287 1075 3368 id,

58 3375 144 3461 quod
181 3376 352 3442 coheredis
384 3375 514 3442 nomine
547 3398 586 3442 ex
620 3377 694 3442 dote
727 3377 870 3442 solutum
902 3376 960 3459 sit,
996 3374 1076 3439 reci·

58 3464 169 3618 gerari
198 3466 352 3619 [potleath
384 3486 483 3550 quam
510 3468 547 3529 ut
574 3464 705 3531 coheres
734 3466 840 3531 solvat
867 3463 951 3528 effici
979 3483 1075 3547 posse

86 3574 190 3619 assius
217 3575 250 3617 ar
