2422 3976
399 180 423 226 ὁ.
449 170 587 226 SEXTUS
606 172 735 228 PEDIUS
1030 176 1071 240 81

55 358 149 399 eausa
176 357 225 398 res
249 339 363 398 amovit
387 331 436 421 (D.
453 341 504 418 25,
519 343 547 413 2,
564 344 614 412 21,
632 335 677 421 1),
706 342 742 401 ds
766 360 851 403 servo
875 344 927 418 qui
948 344 1073 420 pigritia

57 427 201 506 surgendi
219 428 253 486 in
271 427 348 487 lecto
367 430 484 487 urinam
503 428 576 488 facit
594 421 644 510 (D.
660 432 711 505 21,
728 433 755 505 1,
772 433 822 509 14,
837 423 880 512 4).

289 657 312 717 Ι.
347 658 395 716 De
419 660 723 735 stipulationibus
746 661 842 722 libri.

144 781 324 841 Laudantur
360 800 378 840 a
408 782 502 842 Paulo
539 784 625 843 libris
657 784 786 842 XXVIII
823 788 853 844 st
884 785 997 843 LXXII
1034 787 1072 846 ad

58 871 196 930 edietum.
247 873 365 946 partem
387 871 532 932 librorum
561 872 600 931 ad
623 874 753 932 edietum
781 865 822 953 (v.
846 873 925 950 infra
948 866 993 954 ΙΙ)
1022 893 1073 934 eos

59 960 190 1019 effecisse
223 958 350 1018 oonieoit
376 959 492 1019 Perrini
520 953 564 1042 (S.
588 961 689 1020 Pedio:
719 961 836 1020 Rivista
868 961 931 1021 Ital.
958 981 1012 1036 per
1043 963 1071 1021 le

60 1050 170 1108 saienze
199 1047 366 1124 giuridiobe
390 1048 404 1106 I
431 1070 459 1123 p.
480 1045 603 1128 37sq.);
639 1051 691 1109 sed
719 1044 786 1109 ‘hoo
818 1049 929 1108 citandi
953 1045 1073 1128 genus',

60 1143 92 1196 ut
114 1137 160 1196 ait
183 1136 277 1195 Irene]
299 1136 331 1194 II
358 1137 413 1196 ool.
434 1140 452 1197 8
479 1159 507 1196 n.
529 1141 561 1210 1,
595 1133 687 1213 ‘quod
710 1138 740 1195 in
768 1138 969 1212 posteriorum
997 1140 1072 1196 tem-

59 1245 165 1302 porum
190 1224 341 1284 oodiaibus
366 1227 506 1303 ooourrit,
530 1227 591 1285 iam
613 1227 700 1285 Pauli
725 1230 824 1285 aetate
847 1228 878 1284 in
900 1244 956 1284 usu
979 1227 1073 1286 fuisse

59 1333 115 1375 non
144 1316 278 1374 constat:
310 1313 342 1371 in
367 1314 440 1389 ipsis
469 1319 570 1374 autem
597 1315 803 1393 fragmentis.
823 1315 891 1374 ,nil
919 1318 965 1373 est
993 1315 1073 1390 quod

59 1403 95 1462 ad
132 1401 227 1462 edisti
257 1402 536 1476 interpretationem
569 1411 704 1479 spectare
741 1398 898 1462 videatur’.
957 1403 1072 1479 primus

58 1493 151 1568 igitur
164 1490 276 1550 Pedius
294 1491 384 1550 huius
403 1493 572 1570 argumenti
589 1493 727 1568 proprIos
745 1493 838 1552 libros
858 1491 977 1551 videtur
994 1511 1072 1552 aom-

58 1581 208 1656 posuiss03
241 1598 301 1654 qua
327 1580 359 1637 in
385 1599 417 1638 rs
445 1600 514 1639 eum
542 1582 637 1640 secuti
665 1584 735 1640 sunt
762 1580 943 1656 Pomponius
972 1575 1021 1660 (D.
1045 1585 1072 1658 7,

60 1670 90 1747 5,
113 1671 148 1744 5,
173 1661 208 1747 2)
246 1674 277 1727 at
308 1667 400 1727 Gaius
437 1669 523 1728 libris
555 1663 603 1728 ‘de
635 1670 794 1728 verborum
826 1664 1072 1746 obligationibus’

58 1749 104 1838 (P.
122 1753 323 1834 alo-519).
361 1760 493 1817 osterum
517 1778 585 1816 oum
603 1759 649 1817 his
668 1759 858 1833 comparandi
881 1761 952 1817 sunt
968 1759 1073 1818 AotIo·

58 1865 129 1904 num
156 1845 241 1921 libri,
269 1864 343 1921 quos
371 1849 402 1904 et
428 1847 571 1905 Manilius
595 1838 637 1929 (I,
658 1839 714 1929 26)
744 1850 774 1905 et
803 1845 905 1906 Ofilius
930 1839 972 1927 (I,
992 1842 1071 1928 349)

58 1934 224 1994 ediderunt.

494 2059 601 2117 Liber
624 2059 647 2118 I.

151 2178 180 2240 1.
204 2175 244 2239 D.
262 2178 311 2259 12,
326 2179 356 2258 1,
371 2179 400 2241 6.
445 2177 564 2241 Paulus
588 2177 671 2241 libro
696 2178 870 2242 vicensimo
895 2182 1007 2242 octavo
1033 2179 1073 2242 ad

59 2266 201 2330 edietum
230 2261 280 2351 (P.
300 2262 389 2353 431).
418 2302 460 2312 -
489 2265 620 2330 Certum
653 2271 714 2348 est,
748 2267 836 2331 auius
870 2267 992 2350 species
1022 2267 1072 2331 vel

62 2354 243 2438 quantitas,
273 2376 352 2435 quae
381 2355 415 2419 in
443 2356 643 2439 obligatione
671 2360 831 2438 versatur,
859 2360 915 2418 aut
941 2355 1072 2418 nomine

60 2464 116 2507 suo
142 2445 200 2506 aut
223 2462 262 2506 ea
282 2443 554 2507 demonstratione
574 2465 655 2528 quae
674 2444 814 2508 nominis
839 2444 907 2507 vioe
925 2443 1073 2524 fungitur

62 2531 165 2615 qualis
191 2535 376 2615 quantaque
401 2532 444 2596 sit
468 2532 658 2596 ostenditur.
699 2555 775 2596 nam
799 2536 832 2595 et
852 2531 968 2595 Pedius
986 2531 1072 2596 libro

62 2622 166 2702 primo
206 2619 244 2682 de
282 2620 547 2704 stipulationibus
579 2621 661 2684 nihil
694 2622 811 2684 referre
844 2620 904 2700 ait,
941 2620 1072 2703 proprio

60 2710 191 2773 nomine
220 2729 272 2771 res
301 2709 482 2791 appelletur
510 2732 551 2773 an
580 2709 681 2794 digito
706 2709 892 2773 ostendatur
917 2731 959 2772 an
980 2730 1073 2773 voca·

60 2797 144 2877 bulis
173 2796 368 2880 quibusdam
397 2798 647 2881 demonstretur;
677 2801 834 2881 quatenus
864 2802 975 2861 mutua
1002 2798 1073 2862 vice

60 2885 256 2970 fungantur,
279 2907 361 2968 quae
384 2886 576 2951 tantundem
600 2891 775 2969 praestent.

435 3061 484 3114 Ea
502 3062 602 3115 lacerto
622 3060 698 3114 libre.

149 3168 180 3231 2.
210 3167 248 3231 D.
268 3167 322 3249 45,
342 3171 371 3249 1,
390 3169 441 3255 83,
460 3170 489 3235 5.
540 3169 658 3234 Paulus
690 3169 774 3232 libro
807 3168 1071 3252 septuagensimo

61 3256 203 3320 secundo
223 3254 264 3319 ad
284 3256 422 3322 edietum
443 3256 492 3343 (P.
507 3259 525 3322 7
529 3257 595 3343 98).
613 3292 650 3304 -
668 3255 799 3321 Sacram
817 3260 867 3322 vel
882 3256 1071 3339 religiosam

60 3365 128 3408 ram
161 3344 215 3410 vel
248 3345 360 3408 usibus
391 3348 529 3430 publicis
560 3349 595 3410 in
627 3352 817 3429 perpetuum
845 3347 1008 3419 relictam,
1038 3348 1074 3406 ut

62 3432 167 3497 forum
193 3437 250 3497 aut
274 3434 457 3518 basilicam,
486 3440 542 3500 aut
563 3435 726 3500 hominem
750 3436 888 3499 liberum
911 3432 1071 3496 inutiliter

63 3522 213 3606 stipulor,
242 3525 388 3605 quamvis
415 3525 511 3609 (res)
539 3546 630 3588 saara
652 3524 789 3607 profana
811 3523 880 3586 fieri
904 3526 936 3586 et
959 3519 1072 3585 usibus

115 3633 213 3684 mrum.
226 3636 344 3677 naam.
359 3640 407 3679 1011.
423 3640 457 3680 aa.
471 3640 570 3678 asamar.
594 3639 625 3690 Π,
635 3640 653 3680 a.
849 3632 865 3682 t
