2422 3976
353 188 378 236 6.
401 177 609 234 IAVOLENUS
627 176 775 233 PRISCUS
1002 178 1067 244 461

56 365 123 411 sum
149 364 184 411 ea
210 344 352 427 venierit,
379 347 495 421 tamen,
522 343 551 407 si
576 342 714 407 uenditor
740 342 808 406 dato
832 346 928 418 earet,
952 343 1071 423 prioris

57 435 200 517 emptoris
225 452 322 498 eausa
348 431 488 496 absoluta
514 435 572 507 est;
599 432 635 495 id
660 431 742 494 enim
768 432 867 495 sotum
889 432 1071 496 intuendum

58 528 109 607 ni,
131 542 178 587 an
199 519 336 605 [priori]
358 521 509 585 venditori
530 520 610 583 bona
630 521 691 602 (ide
710 519 796 600 faeta
817 521 860 583 sit
881 522 1016 585 adieatio.

144 611 175 675 9.
194 609 235 675 D.
248 609 365 691 41,4‚4
374 631 421 694 pr.
454 608 626 673 Iavolenus
639 607 723 671 libro
734 608 872 672 secundo
884 630 923 672 ex
934 609 1071 675 Plautio.

62 736 98 747 -—
121 698 258 782 Eupnu
279 699 373 780 fundi
389 702 512 780 partem
534 698 600 761 eius
621 697 757 761 alienam
779 718 925 762 essenon
947 699 1072 779 ipnora

63 793 148 854 urat.
197 806 376 871 responsum
403 791 447 851 est
471 785 552 849 nihil
574 806 643 849 eum
665 806 701 850 eu
724 807 756 850 eo
777 786 876 865 fundo
899 784 977 849 usu¹
999 807 1071 868 eap-

65 882 170 943 turnm.
220 877 303 959 quod
331 876 378 940 ita
408 895 515 940 aerum
546 894 609 939 esse
635 876 788 957 existimo,
820 876 861 952 si,
893 896 971 956 quiae
991 896 1071 956 pars

65 966 161 1031 atiena
189 970 265 1030 esset
289 966 325 1029 in
351 985 384 1029 eo
412 965 525 1046 fundo,
557 968 672 1043 emptor
699 964 909 1045 ipuoraoerat;
937 966 1017 1045 arrad
1042 967 1072 1029 si

65 1060 172 1119 ustum
195 1054 294 1119 loeum
316 1073 378 1118 esse
399 1053 500 1135 sciret,
522 1052 658 1133 reliquas
675 1058 783 1133 partes
801 1051 880 1116 usu¹
898 1054 968 1134 sapi
983 1073 1071 1134 posse

66 1164 121 1209 um
141 1138 256 1209 dirbito.

149 1231 199 1297 10.
226 1231 308 1295 Ibid.
327 1233 346 1310 ἕ
363 1231 391 1294 1.
418 1264 455 1276 -
480 1229 568 1294 Idem
593 1230 674 1293 iuris
696 1233 752 1314 est,
779 1231 808 1293 si
830 1230 870 1313 is,
898 1230 1071 1311 quitatum

65 1318 192 1401 hrudim
223 1320 351 1404 emebat,
377 1339 437 1401 pro
466 1319 599 1383 indiviso
620 1322 744 1400 partem
771 1318 910 1400 aliquam
937 1319 1072 1383 alienam

66 1429 120 1475 me
149 1409 222 1486 seit·
259 1428 327 1472 eom
358 1408 440 1472 enim
471 1409 635 1471 dumtanat
664 1427 727 1470 uon
758 1409 868 1491 sapiet,
903 1413 1071 1472 ceterarum

64 1499 198 1580 portium
220 1517 284 1561 non
305 1497 487 1577 impedietur
508 1494 586 1559 usu²
609 1497 717 1577 capio.-

149 1586 200 1651 11.
220 1584 258 1649 D.
271 1587 320 1667 12,
330 1586 360 1669 6,
368 1586 421 1649 45.
453 1583 624 1649 Iavolenus
640 1586 722 1647 libro
733 1584 872 1648 seeundo
884 1605 922 1648 ex
931 1584 1070 1650 Plautia

66 1710 105 1722 -·
124 1675 164 1742 Si
185 1677 222 1759 is,
244 1675 298 1758 qui
314 1674 509 1738 hereditatem
527 1675 662 1738 uendidit
678 1678 707 1736 et
723 1674 852 1754 emptori
870 1675 1007 1757 tradidit,
1029 1675 1071 1758 id,

66 1767 140 1847 quod
159 1764 221 1829 sibi
242 1767 380 1828 rnntuns
397 1763 548 1843 debuerat,
569 1783 633 1826 uon
651 1763 787 1845 retinuit,
809 1768 939 1844 repetere
949 1764 1071 1845 poterit,

23 1938 26 1943 Ι
66 1855 134 1935 qnia
145 1853 222 1936 pius
239 1853 336 1916 debito
353 1852 487 1916 solutum
499 1872 558 1932 per
575 1852 793 1915 condictionem
810 1856 888 1915 reete
900 1853 1072 1933 recipietur.

148 1973 186 2033 of.
209 1973 331 2032 Pernios
354 1971 412 2044 ΙΠ,
434 1973 495 2031 251
521 1990 548 2030 n.
566 1974 592 2030 2.

10 2150 12 2157 ,
149 2085 201 2148 12.
226 2082 326 2165 D.18‚
340 2083 371 2167 4,
383 2083 413 2147 8.
443 2080 612 2146 Iavolenus
626 2082 710 2145 libro
725 2082 863 2146 seeundo
879 2104 918 2146 ex
931 2082 1070 2146 Plautia

65 2208 104 2219 -
140 2171 231 2252 Quod
266 2174 295 2236 si
325 2170 415 2235 uuita
446 2170 596 2234 hereditas
627 2172 669 2234 ad
698 2172 884 2235 uenditorem
909 2171 1072 2254 pertimuit,

63 2267 212 2345 qnantum
229 2261 358 2343 emptori
369 2263 530 2340 praestare
548 2256 678 2337 debead,
698 2262 743 2323 ita
757 2261 907 2342 distinqui
920 2260 1072 2343 oportebit,

63 2356 107 2428 nt,
137 2350 167 2415 si
197 2354 242 2414 est
267 2350 388 2430 peridem
416 2348 524 2429 aliqua
550 2347 713 2430 hereditas,
745 2350 798 2412 sed
822 2350 865 2412 ad
889 2350 1072 2413 uenditorem

62 2460 123 2505 non
138 2439 283 2522 pertimet,
305 2439 375 2519 ipsa
397 2439 579 2514 aestimetur,
601 2438 630 2500 si
652 2438 740 2501 uuita
763 2442 814 2520 est,
836 2439 872 2501 de
890 2458 952 2519 qua
970 2442 1072 2501 aetum

64 2530 209 2609 uideatur,
229 2527 367 2608 pretium
394 2527 558 2590 dumtauat
583 2530 611 2588 et
634 2527 663 2590 si
685 2527 761 2606 quiid
780 2526 816 2590 in
838 2548 906 2590 eam
928 2547 993 2590 rem
1015 2527 1072 2590 im·

61 2637 190 2699 peresum
212 2620 257 2679 est
277 2620 392 2696 emptor
415 2636 436 2678 a
458 2615 609 2678 venditore
631 2620 837 2695 consequatur.

152 2705 205 2770 13.
231 2702 271 2767 D.
289 2704 383 2788 18,4,
399 2703 448 2768 10.
494 2701 665 2767 Iavolenus
693 2704 776 2767 libro
805 2703 909 2786 primo
933 2703 1072 2768 seeundo

61 2814 99 2859 ex
117 2792 258 2858 Plautio.
273 2827 314 2838 -
336 2791 470 2871 Quodsi
487 2792 522 2855 in
539 2792 709 2856 venditione
727 2792 902 2856 hereditatis
919 2793 954 2856 id
970 2797 1074 2857 aetum

62 2888 111 2967 esi,
134 2883 165 2948 si
186 2882 263 2964 quiid
283 2882 364 2944 iuris
386 2885 461 2946 esset
480 2881 653 2963 venditoris,
674 2882 776 2945 uenire
797 2902 850 2944 nee
868 2886 974 2962 postea
992 2882 1072 2964 quia-

61 2992 155 3055 puam
174 2971 326 3053 praestita
344 2970 394 3032 iri.
426 2970 567 3050 quamuis
584 2971 627 3033 ad
643 2971 826 3034 uenditorem
843 2969 993 3034 hereditas
1010 2990 1073 3033 non

56 3060 256 3143 pertinuerit,
282 3058 363 3123 nihii
391 3063 494 3121 tamen
516 3078 548 3122 eo
571 3057 736 3141 <nomine>
753 3059 971 3141 praestabitur,
998 3058 1073 3140 quio

62 3151 95 3215 id
115 3153 221 3214 aetum
243 3167 304 3212 esse
325 3146 524 3227 manifestum
546 3153 602 3228 est,
629 3153 664 3211 ut
684 3149 939 3228 quemadmodum
960 3146 1072 3211 emotu-

62 3242 199 3304 mentum
230 3236 458 3320 nepotiationis,
488 3236 534 3299 ita
550 3236 723 3318 perieulum
751 3239 795 3302 ad
819 3241 981 3318 emptorem
1004 3255 1071 3316 per·

61 3330 179 3393 timeret.

136 3488 151 3536 1
171 3481 248 3537 Tmb.
266 3479 352 3550 longa
368 3480 554 3552 possessione.
627 3487 642 3535 2
664 3484 743 3540 Trib.
760 3482 847 3552 longa
865 3479 1048 3552 possessione.

135 3558 152 3608 t
170 3552 219 3608 Fi.
238 3552 341 3608 debuit.
