2422 3976
103 185 146 250 90
173 186 219 242 ΙΙΙ.
235 187 309 242 GAlI
326 186 472 242 CLAUDII
486 187 622 244 NERON.
635 187 779 242 GALBAll
789 188 895 246 TEMP.
905 189 1005 246 IURIS
1015 190 1117 248 CONS.

433 373 541 433 aruer
563 349 783 433 riv-xxiva

428 481 472 535 Dc
490 482 651 536 exercitoria
669 483 784 537 actione.

190 583 242 646 24.
265 582 305 648 D.
321 582 372 662 14,
389 584 417 658 1,
428 584 457 665 1,
467 582 496 646 9.
530 581 688 664 Ulpianus
703 582 788 647 libro
803 582 984 649 vicensimo
999 586 1115 650 octavo

101 672 141 736 ad
169 671 308 736 edictum
333 667 382 756 (P.
403 671 491 752 816).
513 705 559 717 -
581 719 588 734 .
607 720 615 736 .
637 672 764 755 quaerit
787 669 917 754 Ofilius,
944 672 974 736 si
1004 672 1045 736 ad
1068 695 1115 738 rs·

99 760 268 825 finiendam
291 780 406 824 navem
431 762 597 823 mutuatus
620 781 771 824 nummos
791 759 825 822 in
845 781 921 824 suos
939 783 1018 826 usus
1038 783 1111 827 cou-

100 849 232 913 verterit
255 844 312 933 (sc.
336 843 522 935 magister),
545 870 587 911 an
611 849 643 911 in
667 847 876 912 exercitorem
899 847 994 913 detur
1016 850 1110 916 aetio.

100 943 133 1002 et
156 938 211 1022 ait,
234 936 262 1001 si
283 937 346 1001 hac
363 937 435 1020 lege
454 937 577 1020 accepit
596 937 689 1019 quasi
706 937 740 1001 in
759 958 875 1001 navem
892 936 1109 1021 impensurus,

100 1049 175 1092 mox
198 1025 338 1090 mutavit
359 1026 575 1106 voluntatem,
598 1024 701 1088 teneri
727 1025 934 1090 exercitorem
960 1025 1113 1112 [imputa-

102 1122 209 1180 turum
230 1114 303 1195 sibi,
329 1114 501 1178 curtalem
520 1113 773 1197 praeposuerit];
798 1114 882 1196 quod
902 1113 930 1178 si
953 1115 995 1178 ab
1019 1114 1111 1181 initio

100 1203 271 1269 consilium
292 1203 378 1287 cepit
394 1200 568 1267 fraudandi
586 1201 753 1266 creditoris
779 1203 825 1282 [et
847 1202 909 1267 hoc
927 1203 1111 1286 specialiter

99 1314 165 1358 non
185 1292 385 1376 expresserit,
409 1291 493 1375 quod
513 1291 553 1354 ad
572 1290 664 1354 navis
684 1312 814 1355 causam
833 1290 975 1376 accipit],
998 1296 1110 1358 contra

102 1403 185 1466 esse,
209 1403 306 1465 quam
330 1379 572 1444 distinctionem
595 1378 713 1443 Pedius
736 1380 864 1463 probat.

186 1501 284 1560 Eisele
308 1500 339 1559 Z.
363 1500 391 1559 d.
415 1499 541 1560 Suu-St.
564 1499 676 1576 XVIII,
700 1501 751 1560 20.

435 1659 479 1714 Dc
495 1661 646 1716 tributoria
664 1661 777 1716 actione.

187 1763 239 1826 25.
263 1761 303 1827 D.
318 1762 369 1842 14,
384 1762 414 1842 4,
431 1764 459 1844 1,
475 1761 503 1824 1.
540 1760 699 1844 Ulpianus
723 1760 807 1824 libro
830 1761 1005 1826 vicensimo
1024 1782 1107 1827 nono

98 1850 138 1913 ad
167 1850 306 1914 edietum
333 1845 383 1935 (P.
402 1846 491 1936 836).
519 1885 561 1895 -
589 1849 681 1914 Licet
707 1849 823 1914 mercis
851 1849 1030 1934 appellatio
1058 1871 1108 1914 an·

99 1940 225 2023 gustior
244 1938 296 2022 sit,
314 1944 351 2002 ut
369 1959 472 2022 neque
492 1939 530 2001 ad
551 1960 660 2002 servos
675 1939 813 2002 fullones
828 1939 878 2001 vel
893 1937 1107 2005 sarcinatores

99 2028 150 2090 vel
173 2032 316 2092 textores
339 2027 390 2091 vel
413 2027 636 2091 venaliciarios
659 2027 834 2110 pertineat,
860 2032 971 2090 tamen
995 2026 1106 2092 Pedius

98 2116 182 2180 libro
215 2117 328 2200 quinto
360 2115 481 2180 decimo
516 2115 630 2180 scribit
662 2117 702 2179 ad
733 2136 842 2178 omnes
871 2115 1106 2200 negotiationes

97 2205 326 2288 porrigendum
350 2205 498 2269 edictum.

186 2294 237 2358 26.
262 2293 300 2356 D.
317 2294 367 2374 14,
380 2294 411 2374 4,
426 2295 454 2372 7,
471 2295 500 2358 1.
536 2291 696 2375 Ulpianus
719 2292 803 2355 libro
825 2291 1003 2357 vicensimo
1022 2312 1105 2357 nono

97 2383 136 2446 ad
166 2381 304 2446 edictum
330 2379 378 2466 (P.
398 2380 486 2465 845).
510 2418 554 2427 -
577 2380 661 2456 Quid
682 2381 759 2446 ..si
787 2380 935 2444 dominus
964 2381 1105 2445 tribuere
1147 2378 1149 2387 '

95 2471 178 2535 nolit
205 2493 263 2534 neo
291 2469 374 2535 hanc
401 2472 582 2534 molestiam
612 2469 787 2553 suscipere,
817 2469 871 2532 sed
900 2468 1029 2551 peculio
1057 2467 1103 2534 vel

95 2561 268 2711 diffidi
285 2559 396 2624 cedere
430 2563 561 2642 paratus
592 2558 656 2622 sit?
707 2557 823 2621 Pedius
851 2556 952 2621 refert
980 2558 1104 2623 audien·

515 2733 560 2787 De
573 2733 689 2801 peculio.

184 2834 235 2897 27.
260 2833 298 2898 D.
315 2832 366 2913 15,
382 2834 410 2914 1,
424 2834 454 2913 3,
469 2833 497 2897 3.
539 2831 699 2915 Ulpianus
719 2834 804 2897 libro
823 2832 1001 2896 vicensimo
1019 2852 1102 2897 nono

96 2921 135 2985 ad
173 2921 313 2986 edictum
347 2920 396 3004 (P.
421 2917 526 3008 85012).
560 2957 598 2968 -
633 2920 749 2985 Pedius
788 2920 885 2984 etiam
923 2921 1102 3004 impuberes
1136 2998 1140 3005 Ι

95 3008 243 3074 dominos
271 3010 309 3073 de
332 3011 457 3094 peculio
482 3010 621 3095 obligari
645 3009 704 3093 ait3
730 3032 794 3074 non
819 3009 905 3072 enim
929 3029 1004 3073 cum
1027 3007 1102 3092 ipsis

94 3098 315 3181 impuberibus
331 3099 541 3182 contrahitur,
555 3104 592 3162 ut
605 3097 723 3162 tutoris
734 3097 962 3163 auctoritatem
972 3102 1103 3182 spectes

94 3187 178 3251 idem
208 3187 305 3252 adicit
333 3188 493 3270 pupillum
518 3209 584 3252 non
607 3209 703 3271 posse
728 3208 820 3251 servo
843 3186 1009 3271 peculium
1030 3206 1102 3252 oon·

95 3275 228 3341 stituero
252 3298 310 3340 nec
334 3274 452 3340 tutoris
477 3275 678 3340 auctoritate.

182 3366 234 3430 28.
257 3363 297 3429 D.
314 3364 364 3441 15,
380 3366 408 3446 1,
424 3366 452 3442 7,
468 3365 497 3429 3.
538 3362 697 3446 Ulpianus
721 3363 804 3428 libro
824 3360 1001 3428 vicensimo
1019 3383 1101 3427 nono

95 3454 133 3517 ad
158 3454 297 3518 edictum
321 3452 370 3540 (P.
387 3451 490 3539 8521’).
511 3488 549 3499 -
569 3451 734 3535 Pupillum
749 3501 756 3515 .
772 3501 778 3515 .
794 3456 862 3516 tam
885 3451 989 3516 filium
1009 3472 1102 3536 quam

94 3563 219 3606 servum
253 3544 414 3626 peculium
446 3543 565 3607 habere
597 3562 693 3624 posse
725 3538 843 3605 Pedius
875 3541 960 3605 libro
993 3541 1101 3625 quinto
