2422 3976
1 235 3 240 ,
91 191 157 255 562
459 187 734 243 ADDITAMENTA.
842 211 845 214 >

178 335 180 338 Ι
240 371 277 436 St
299 370 376 452 quid
397 371 433 434 io
453 370 597 450 fraudem
615 370 744 451 patroni
764 369 882 448 fuctum
899 371 951 435 sit.

188 496 259 560 167.
305 493 426 559 Incerti
450 493 591 558 auctoris
610 492 725 578 fragm.
744 493 784 557 de
802 493 944 558 formula
963 491 1107 556 Fabiana

96 583 244 671 (Collect.
269 583 340 648 libr.
363 581 413 646 ΙΙΙ
436 605 465 666 p.
486 583 574 667 299).
599 618 641 628 -
736 585 811 646 sunt
829 583 885 667 qui
904 587 1020 646 contra
1039 603 1106 644 sen·

96 674 214 757 <tiunt,
239 672 316 755 quia
338 670 418 735 haec
441 671 525 735 actio
550 693 589 734 ex
607 671 796 754 con>tractu
819 672 908 734 venit
927 674 1052 733 etcum
1070 690 1106 733 eo

5 841 8 853 Ι
96 762 319 841 contrahetur,
346 759 443 841 <licet
471 760 517 823 ita
540 759 760 843 concipi>atur
787 759 928 824 formula
952 760 1047 842 quasi
1071 780 1118 821 ex·

96 851 212 916 delicto
236 849 361 915 venerit
383 847 502 913 liberti.

162 1011 163 1014 .
186 952 221 1011 ef.
240 933 274 1026 'p.
297 951 370 1009 244.

195 1113 246 1178 De
268 1113 411 1178 bonorum
429 1113 673 1194 possessiomes
696 1116 869 1177 testamento
892 1112 1011 1178 melitis.

71 1232 74 1238 ’
188 1239 260 1303 168.
306 1235 345 1301 D.
364 1237 417 1319 29,
436 1238 465 1315 1,
487 1238 538 1321 17,
556 1238 586 1302 4.
633 1235 734 1302 Gaius
753 1236 836 1301 libro
848 1237 966 1323 ‘quinto
985 1237 1106 1302 decimo

99 1327 140 1392 ad
164 1326 301 1391 edictum
331 1325 541 1413 provinciale.¹
563 1362 603 1372 -
629 1324 664 1390 si
696 1326 788 1389 miles
820 1329 1054 1390 testamentum
1075 1325 1105 1389 in

99 1416 218 1480 militia
241 1415 362 1498 feeerit,
381 1414 546 1479 codicillos
565 1417 642 1500 post
661 1415 811 1478 militiam
831 1419 864 1478 et
881 1414 970 1478 intra
990 1436 1105 1478 annum

99 1504 264 1569 missionis
293 1504 457 1587 moriatur,
480 1502 642 1586 plerisque
665 1502 773 1588 placet
795 1502 830 1566 in
848 1499 1104 1567 codicillis'iuris

100 1593 203 1659 civilis
222 1590 369 1674 regulam
388 1591 527 1676 spectari
545 1592 670 1673 debere,
689 1591 849 1676 quianon
873 1595 950 1655 sunt
969 1614 988 1655 a
1008 1592 1112 1655 milite¹

99 1680 186 1761 facti,
208 1701 268 1744 neo
290 1680 330 1743 ad
358 1701 426 1744 rem
449 1681 628 1765 pertinere,
650 1680 734 1766 quod
766 1683 965 1745 testamento
998 1679 1103 1745 confir·

100 1770 179 1833 mati
203 1774 305 1832 sunt..
907 1781 912 1786 ⁷

453 1941 456 1946 ¹
486 1801 727 1954 uae'uy‘crme

190 1981 262 2046 169.
308 1978 375 2043 Gai.
400 1979 430 2066 3,
453 1981 495 2044 27
507 1989 554 2065 sq.
578 2018 619 2027 -
644 1981 792 2066 Agnatos
817 2029 846 2045 ..
876 1981 984 2064 capite
1013 1980 1101 2044 demi-

101 2075 198 2136 nutos
231 2092 295 2134 non
325 2068 462 2155 secundo
496 2070 598 2151 gradu
631 2075 708 2155 post
743 2091 818 2134 suos
849 2069 986 2134 heredes
1018 2071 1101 2134 vocat

101 2158 158 2242 (sc.
180 2154 336 2243 praetor),
443 2157 496 2221 sed
527 2158 623 2221 tertio
651 2155 870 2241 proximitatis
899 2159 1029 2221 nomine

101 2250 211 2331 itaque
241 2248 268 2309 si
297 2246 368 2329 quis
397 2247 480 2309 alius
509 2248 552 2310 sit
580 2247 634 2330 qui
662 2248 825 2330 integrum
850 2247 901 2310 ius
926 2245 1098 2330 agnationis

100 2336 243 2420 habebit,
265 2335 292 2398 is
316 2335 424 2417 potior
443 2336 513 2417 erit,
537 2337 634 2399 etiam
659 2337 686 2398 si
709 2336 854 2419 longiore
880 2338 983 2418 gradu
1005 2335 1098 2398 fuerit.

101 2426 185 2488 idem
200 2424 278 2488 iuris
294 2428 351 2500 est,
367 2427 404 2486 ut
419 2423 548 2507 quidam
563 2427 688 2508 putant,
702 2423 736 2486 in
752 2426 821 2486 eius
837 2426 949 2507 agnati
963 2444 1098 2506 persona,

101 2515 156 2597 qui
176 2514 321 2597 proximo
337 2519 457 2595 agnato
472 2513 640 2576 omittente
654 2512 869 2576 hereditatem
884 2512 987 2575 nihilo
1007 2511 1097 2594 magis

101 2604 169 2666 iure
196 2601 341 2685 legitimo
373 2601 564 2665 admittitur.
610 2602 665 2665 sed
693 2605 768 2665 sunt
796 2602 850 2683 qui
878 2604 1000 2682 putant
1026 2600 1096 2663 hunc
1137 2668 1140 2675 ¹

103 2692 213 2754 eodem
243 2689 343 2775 gradu
366 2711 385 2751 a
408 2694 554 2772 praetore
577 2690 694 2773 vocari,
718 2711 780 2772 quo
805 2690 904 2752 etiam
927 2712 985 2772 per
1007 2690 1095 2772 legem

103 2779 229 2862 agnatis
253 2777 414 2841 hereditas
440 2778 541 2842 datur.

244 2954 435 3018 Testamenta
458 2977 545 3037 ortem
568 2957 750 3019 admodum
774 2955 965 3038 operiuntur.
1137 2938 1140 3033 l

84 3158 86 3161 Ι
192 3078 263 3154 170.
311 3077 348 3141 D.
376 3078 427 3161 50,
459 3083 487 3157 1,
510 3080 539 3143 5.
584 3079 702 3143 Paulus
731 3078 814 3143 libro
843 3077 1091 3164 quadragensimo
1136 3136 1139 3143 .

104 3169 214 3251 quinto
234 3166 273 3229 ad
285 3166 443 3231 edietum.
471 3204 508 3212 —
524 3167 632 3231 Labeo
648 3169 768 3232 indicat
787 3190 870 3249 eum,
889 3169 944 3251 qui
967 3167 1089 3252 pluribus

104 3257 183 3319 loeis
203 3278 240 3318 ex
263 3275 363 3337 aequo
377 3257 570 3340 negotietur,
589 3279 749 3340 nusquam
768 3256 966 3321 domicilium
985 3256 1089 3320 habere.

105 3345 260 3426 quosdam
293 3348 400 3406 autem
430 3345 532 3408 dicere
560 3346 659 3409 refert
685 3346 832 3428 pluribus
865 3347 945 3410 locis
970 3367 1035 3409 eum
1054 3341 1088 3402 in·

105 3434 206 3496 oolam
233 3453 302 3495 esse
326 3436 381 3496 aut
404 3433 600 3496 domicilium
625 3435 773 3497 habere..

148 3617 156 3649 ,
193 3545 228 3601 of.
251 3544 335 3600 Paul.
360 3543 439 3602 Sent.
464 3547 493 3621 4,
518 3547 546 3620 6,
570 3547 598 3602 2.
