2422 3976
97 195 161 260 182
178 195 226 251 111.
236 194 312 250 GAII
321 193 467 251 CLAUDII
475 192 611 250 NERON.
621 192 767 248 GALBAE
777 192 995 250 sumamma
1003 191 1106 251 CONS.

94 359 222 440 fuisset,
249 359 430 442 quaesitum
454 359 516 443 est,
539 357 615 441 quia
637 357 731 421 heres
754 356 835 421 furti
858 358 1020 422 actionem
1041 379 1108 423 non

93 447 238 531 haberet,
262 468 303 511 an
327 446 459 530 usucapi
482 446 594 530 possit.
635 443 775 510 Sabinus
798 446 967 530 respondit
983 446 1107 511 nullam

95 536 163 600 eius
195 536 242 599 rei
274 535 505 619 usucapionem
537 555 621 618 esse,
660 533 750 600 cuius
781 534 911 599 nomine
943 534 1023 599 furti
1054 534 1108 620 agi

95 624 214 708 possit3
237 644 333 706 agere
353 628 462 689 autem
480 623 559 687 furti
578 645 660 707 eum,
684 623 739 706 qui
758 622 822 687 frui
842 622 982 708 deberet,
1003 645 1107 709 posse.

185 712 283 788 ‘Quod
306 719 349 777 sic
372 717 576 793 accipiendum
599 721 653 794 est,
676 720 711 776 ut
728 717 912 777 fructuarius
930 717 1046 794 poterit
1062 717 1108 777 uti

94 806 168 882 frui3
196 806 285 866 aliter
313 807 392 865 euim
419 807 507 866 bomo
535 805 568 863 in
590 824 681 865 causa
703 824 763 865 non
785 805 1010 881 perduceretur.
1056 805 1108 867 sed

95 895 122 954 si
144 896 243 955 utenti
265 896 327 954 iam
350 898 382 954 et
404 895 517 954 fruenti
534 895 680 954 abductus
698 894 787 954 homo
805 894 909 974 fuerit,
931 914 991 956 non
1010 896 1108 957 solum

93 985 167 1063 ipse,
191 984 244 1044 sed
267 985 359 1044 etiam
381 985 468 1043 heres
490 983 566 1042 furti
589 1002 678 1060 agere
701 978 833 1058 poterit'.

394 1137 445 1202 De
467 1138 616 1221 emptione
636 1139 815 1203 venditione.

183 1246 250 1310 29?
277 1244 316 1309 D.
333 1246 383 1328 18,
399 1245 495 1328 1,41‚
516 1247 544 1309 1.
589 1242 733 1309 Iulianus
757 1244 840 1309 libro
864 1245 961 1310 tertio
986 1245 1027 1310 ad
1049 1244 1109 1314 Ur·

96 1334 198 1399 seium
212 1333 365 1399 Ferocem
380 1331 430 1420 (P.
445 1333 533 1417 907).
546 1369 591 1379 —
604 1331 751 1398 Mensam
770 1336 906 1418 argento
921 1337 1110 1420 coopertam

96 1423 177 1487 mihi
199 1423 365 1506 ignoranti
384 1443 442 1506 pro
466 1421 572 1487 solida
594 1421 769 1487 vendidisti
786 1422 983 1506 imprudens.
1020 1423 1110 1488 nulla

95 1516 145 1576 est
169 1512 292 1595 emptio
315 1510 514 1595 pecuniaque
538 1511 729 1575 eonomine
753 1511 830 1575 data
852 1511 1049 1577 condicetur.

184 1600 249 1664 30?
273 1598 311 1664 D.
321 1601 374 1682 40,
383 1602 414 1678 4,
426 1600 476 1664 19.
509 1597 598 1663 Idem
613 1598 671 1684 (sc.
680 1597 841 1686 Iulianus)
856 1599 942 1665 libro
956 1601 1056 1666 tertio
1071 1599 1111 1665 ad

98 1687 250 1753 Urseium
270 1687 423 1753 Ferocem
447 1685 497 1774 (P.
511 1684 600 1774 908).
617 1725 660 1734 -
681 1687 818 1764 Quidam
841 1688 991 1754 heredem
1017 1711 1111 1754 suum

96 1779 283 1860 rogaverat,
304 1781 341 1840 nt
364 1798 494 1841 servum
519 1778 769 1841 manumitteret.
810 1775 941 1859 deinde,
963 1778 994 1842 si
1016 1778 1110 1845 heres

96 1887 169 1929 cum
188 1886 253 1929 non
272 1865 506 1949 manumiserit,
524 1866 663 1931 liberum
681 1887 755 1930 eum
773 1887 843 1930 csse
861 1865 1004 1930 iusserat
1017 1867 1111 1952 eique

93 1955 269 2038 legaverat.
305 1954 398 2018 heres
423 1975 496 2018 eum
519 1954 716 2019 manumisit.
757 1954 902 2040 plerique
921 1955 1112 2021 existimant

95 2042 180 2107 hunc
213 2065 252 2106 ex
279 2045 474 2108 testamento
501 2042 687 2107 libertatem
716 2044 879 2127 consequi.
933 2045 1112 2110 secundum

94 2131 157 2196 hoe
180 2132 323 2215 legatum
347 2153 476 2216 quoque
499 2132 528 2195 ei
552 2131 695 2195 debetur.

185 2225 278 2284 Lenel
300 2228 387 2285 notat
410 2220 577 2303 ‘quaeritur
600 2225 752 2301 deservo,
776 2225 827 2302 qui
844 2226 901 2284 bac
919 2226 988 2303 lege
1007 2228 1110 2303 veniit,

96 2316 132 2373 ut
154 2314 426 2374 manumitteretur.
472 2314 509 2373 cf.
532 2313 568 2373 D.
590 2316 639 2389 18,
661 2317 689 2388 7,
709 2308 751 2374 3'.
787 2317 820 2373 at
847 2315 961 2391 nescio,
989 2335 1031 2376 an
1057 2335 1110 2392 pro

96 2403 172 2463 libro
196 2403 243 2462 ΙΙΙ
269 2403 370 2479 potius
392 2403 424 2462 II
452 2402 642 2462 scribendum
666 2404 928 2481 fragmentumquc
952 2405 1049 2480 capiti
1075 2404 1111 2464 de

96 2492 379 2552 manumissionibus
402 2491 627 2551 attribuendum
650 2491 697 2550 sit.

428 2627 478 2692 De
500 2628 773 2693 intercessionibus.

186 2736 237 2799 31.
262 2734 301 2799 D.
313 2735 364 2812 16,
376 2737 404 2817 1,
416 2735 456 2799 16
464 2757 511 2820 pr.
542 2734 632 2798 Idem
649 2731 876 2821 (salulianus)
892 2734 977 2801 libro
993 2739 1108 2820 quarto

98 2822 138 2885 ad
151 2821 304 2886 Urseium
318 2822 470 2887 Ferocem
486 2821 536 2907 (P.
550 2820 639 2910 924).
657 2861 694 2870 -
712 2822 745 2887 Si
760 2823 876 2887 mulier
891 2826 1007 2889 contra
1022 2847 1108 2890 sena.-

97 2915 149 2974 tus
174 2911 358 2975 consultum
377 2910 583 2975 Velleianum
607 2934 666 2996 pro
690 2933 741 2975 me
764 2911 1001 2977 intercessisset
1024 2913 1107 2978 Titio

98 3019 221 3084 egoque
245 3000 374 3064 mulieri
392 3001 425 3065 id
443 3000 611 3065 solvissem
631 3004 664 3064 et
683 3001 723 3064 ab
742 3021 780 3064 ea
799 2999 905 3064 Titius
925 3023 997 3066 eam
1016 3024 1108 3087 pecu·

97 3089 186 3151 niam
208 3092 341 3175 peteret,
364 3089 510 3174 exceptio
533 3088 628 3153 huius
653 3094 785 3153 senatus
808 3089 951 3154 consulti
972 3113 1042 3156 non
1063 3093 1107 3155 est

97 3176 268 3261 profutura
288 3178 427 3261 mulieri3
449 3199 553 3262 neque
573 3179 658 3241 enim
678 3199 749 3242 eam
768 3177 954 3263 periclitari,
976 3201 1017 3244 ne
1038 3200 1105 3244 eam

97 3266 265 3348 pecuniam
289 3268 418 3351 perdat,
441 3287 513 3329 cum
536 3266 602 3330 iam
626 3288 696 3330 eam
721 3266 847 3331 habeat.

187 3360 362 3420 Triboniani
383 3375 493 3418 manus
517 3363 650 3436 apparet.

187 3462 238 3525 32.
266 3461 490 3540 Ibid.§1.-
526 3458 560 3525 Si
589 3462 629 3526 ab
654 3484 692 3525 ea
715 3461 864 3545 muliere,
891 3485 974 3546 quae
997 3467 1104 3529 contra

99 3551 229 3614 senatus
266 3549 448 3615 consultum
483 3549 730 3633 intercessisset,
765 3549 990 3616 fideiussorem
1022 3571 1104 3617 acce
