2422 3976
346 204 371 251 4.
392 195 420 251 0.
437 194 581 251 onssms
600 195 786 251 LONGINUS
1032 197 1074 261 27

59 361 174 425 adesse
197 360 295 424 iussit
318 363 350 423 et
373 363 448 423 ente
471 381 544 424 eum
568 359 652 424 diem
675 359 825 444 decessit;
847 359 929 423 alter
953 382 991 424 ex
1010 360 1079 425 liti-

59 449 232 533 gatoribus
260 469 326 513 non
363 448 475 512 adfuit.
518 447 632 533 procul
674 448 771 513 dubio
803 469 910 533 poena
947 450 1077 514 minime

58 537 234 602 commissa
263 541 325 622 est3
356 559 432 602 narn
464 541 497 601 et
520 535 669 602 Cassium
699 537 826 601 audisse
855 558 889 601 se
918 537 1077 604 dicentem

57 626 171 691 Aristo
195 627 243 691 ait
264 626 299 690 in
327 648 364 691 eo
393 626 530 710 arbitro,
559 626 614 710 qui
642 625 712 709 ipse
739 647 805 690 non
828 625 983 706 venisset,
1010 648 1077 691 non

58 737 128 779 esse
152 716 371 780 commissam.

411 820 462 886 De
483 822 552 885 iure
573 822 718 886 iurando.

148 938 205 1001 21.
232 935 272 1002 Ι).
293 938 343 1011 12,
362 937 465 1017 uno,
485 937 514 1000 1.
559 935 678 1000 Paulus
702 936 787 1002 libro
812 940 926 1001 octavo
951 938 1075 1002 decimo

56 1025 100 1089 ad
133 1026 276 1090 edietum
310 1022 359 1110 (P
379 1025 468 1107 280).
504 1061 542 1071 -
577 1023 611 1089 Si
642 1028 736 1108 pater
768 1025 870 1089 filium
903 1025 978 1089 dare
1010 1048 1076 1090 non

58 1118 210 1198 oportere
238 1115 404 1196 iuraverit,
432 1112 564 1180 Cassius
592 1113 761 1196 respondit
789 1118 822 1177 et
843 1114 931 1198 patri
954 1118 987 1177 et
1008 1114 1075 1179 filio

57 1203 198 1267 dandam
223 1204 444 1287 exceptionem
467 1202 684 1266 iurisiurandi.

175 1411 214 1471 H.
246 1411 376 1470 Edicta
399 1414 433 1470 et
457 1412 605 1470 decreta
628 1408 746 1468 Cassii
768 1411 961 1486 praetoris.

150 1533 178 1595 1.
207 1529 247 1596 Ι).
264 1531 296 1614 4,
314 1531 344 1612 6,
363 1530 415 1612 26,
436 1531 465 1593 7.
514 1527 674 1612 Ulpianus
702 1528 785 1597 libro
814 1529 1004 1594 duodecimo
1034 1530 1074 1594 ad

58 1620 197 1683 edietum
234 1617 283 1705 (P.
307 1615 398 1704 439).
433 1653 471 1663 —
506 1615 541 1682 Si
572 1617 672 1681 feriae
705 1621 795 1682 extra
828 1618 975 1682 ordinem
1008 1620 1074 1684 sint

56 1707 207 1789 indictae,
233 1708 274 1771 ob
298 1729 348 1772 res
371 1711 452 1791 puta
473 1728 627 1791 prospere
652 1710 761 1791 gestas
784 1707 837 1771 rel
860 1708 894 1771 in
916 1707 1074 1773 honorem

55 1797 229 1898 priucipis‚
261 1801 294 1898 et
325 1800 497 1897 propterea
512 1885 518 1897 1
531 1795 742 1897 magistratus
775 1795 825 1859 ius
841 1817 920 1897 'non
947 1797 1073 1880 dixerit,

56 1883 159 1950 Gerus
193 1882 326 1949 Cassius
362 1888 554 1949 nommatrm
591 1883 737 1948 edicebat
767 1888 997 1949 restrtuturum
1029 1907 1074 1969 se,

57 1974 135 2057 quia
154 1995 213 2057 per
231 1978 414 2058 praetorem
428 1973 597 2037 videbatur
609 1971 745 2054 factum3
766 1972 972 2036 sollemnium
986 1974 1073 2037 enim

55 2063 214 2127 feriarum
237 2062 398 2127 rationem
420 2062 535 2125 haberi
557 2082 624 2125 non
643 2061 768 2145 debere,
791 2061 867 2144 quia
886 2063 1073 2146 prospicere

56 2173 111 2215 eas
131 2151 276 2235 potuerit
294 2154 327 2214 et
345 2150 492 2214 debuerit
511 2154 608 2232 actor,
631 2172 671 2214 ne
691 2149 725 2213 in
745 2171 799 2213 eas
819 2151 950 2214 incidat.
986 2152 1070 2234 quod
1106 2161 1112 2172 '

55 2239 164 2304 verius
198 2244 261 2322 est,
294 2243 328 2302 et
359 2241 407 2302 ita
435 2236 548 2303 Celsus
581 2237 665 2302 libro
694 2238 835 2302 secundo
860 2237 1071 2324 Digestorum

55 2329 179 2393 scribit.

146 2440 184 2499 ct.
207 2439 330 2498 Pernice
353 2432 397 2497 Π2
420 2458 448 2514 p.
465 2442 526 2498 199
552 2441 615 2497 n.7

146 2560 178 2622 2.
203 2558 242 2624 D.
262 2559 313 2641 29,
332 2560 362 2639 2,
381 2558 433 2621 99.
475 2557 671 2641 Pomponius
695 2557 778 2622 libro
803 2559 907 2641 primo
931 2555 1071 2622 Senatus

56 2646 289 2713 Consultorum
316 2643 366 2732 (P.
386 2644 474 2730 806).
497 2683 542 2692 -
569 2646 680 2711 Aristo
712 2647 747 2709 in
780 2646 917 2710 decretis
945 2645 1072 2710 Fronti-

54 2736 207 2820 <ni>anis
230 2736 278 2799 ita
299 2735 407 2799 refert.
448 2733 530 2801 Cum
553 2735 634 2800 duae
655 2734 743 2799 filiae
766 2735 853 2817 patri
871 2737 1070 2800 necessariae

54 2825 190 2889 heredes
229 2825 442 2905 exstitissent,
484 2823 587 2888 altera
624 2845 658 2887 se
694 2828 829 2907 paterna
868 2824 1071 2888 abstinuerat

54 2913 251 2995 hereditate,
283 2914 386 2977 altera
417 2912 505 2976 bona
536 2916 671 2995 paterna
703 2912 867 2976 vindicare
900 2915 1070 2996 totumque

55 3023 136 3066 onus
171 3002 332 3084 suscipere
364 3005 479 3086 perata
508 3004 585 3065 erat.
631 3006 780 3065 sanctum
804 2999 954 3065 Cassium
977 3022 1069 3084 prae-

54 3094 160 3154 torem
206 3111 304 3154 causa
348 3090 479 3173 cognita
524 3089 667 3154 actiones
711 3089 925 3153 hereditarias
971 3088 1069 3153 utiles

56 3178 210 3247 daturum.
245 3183 330 3242 reete
368 3177 548 3262 pollicitum
586 3179 628 3260 ei,
666 3200 747 3260 quae
783 3177 824 3242 ad
855 3177 1069 3241 hereditatem

55 3267 158 3350 patris
200 3276 380 3332 accesserat
420 3267 715 3351 denegaturumque
753 3267 782 3330 ei
820 3287 903 3349 quae
941 3287 975 3329 se
1013 3265 1070 3327 ab·

57 3356 226 3420 stinuerat.

144 3466 270 3525 Pernioe
288 3458 334 3525 11²
351 3487 379 3542 p.
396 3470 457 3527 199
482 3467 532 3527 vix
554 3467 621 3525 iure
645 3465 773 3544 dubitat,
797 3485 836 3524 an
858 3466 914 3522 hoc
938 3462 1070 3522 edictum

62 3571 79 3611 a
100 3553 203 3614 Cassio
227 3558 330 3614 nostro
353 3555 540 3632 propositum
563 3555 612 3614 sit.
