2422 3976
501 167 527 216 8.
546 160 722 217 VIVIANUS
1053 163 1119 228 243

110 324 151 391 Vl
164 348 204 392 ex
213 325 354 391 Viviano
369 325 507 390 relatum
522 330 586 390 ests
600 326 628 389 si
638 324 767 390 furnum
778 326 952 391 secundum
960 325 1119 411 parietem

111 435 304 483 communem
335 413 485 495 haberes,
517 435 560 479 an
591 413 701 479 damni
733 415 852 480 iniuria
883 415 1028 480 teneris?
1085 419 1118 480 et

113 502 374 589 ut<Proau1us>
402 503 456 588 agi
483 523 549 568 non
573 524 670 588 posse
693 503 825 588 Aquilia
847 505 934 588 lege,
961 505 1037 588 quia
1060 526 1120 570 nec

114 613 174 658 oum
197 616 235 660 eo
260 592 315 678 qui
337 592 446 657 focum
468 591 612 657 haberet.
659 596 692 657 et
714 592 787 657 ideo
812 593 943 676 aequius
965 598 1061 676 putat
1083 594 1118 658 in

114 680 225 749 fectum
248 683 411 747 actionem
434 680 582 746 dandam.

67 824 69 849 :
188 795 234 853 Ex
246 793 376 854 Viviano
394 793 468 852 baec
486 791 641 852 rettulisse
655 791 851 869 Pomponium
873 792 1009 870 suspicor
1026 792 1117 870 idque

67 862 69 887 '
115 880 187 943 sous
214 883 253 943 au
281 882 426 960 aucum,
453 880 563 958 quibus
585 881 749 957 mpunum
776 881 808 939 in
835 881 897 941 suu
926 881 964 940 aa
987 881 1118 941 suiacum

116 969 185 1031 libris
207 970 353 1031 faciendis
377 969 551 1047 saepissime
573 988 664 1028 usum
686 988 750 1029 esse
774 973 900 1030 constat.
941 970 1016 1030 talia
1039 970 1118 1029 enim

117 1060 305 1136 reperiuntur:
338 1052 406 1118 ‘hoo
439 1061 555 1119 veteres
588 1058 773 1118 existimasse
800 1058 981 1134 Pomponius
1009 1051 1115 1118 relert'

118 1136 155 1226 (l).
168 1151 196 1227 2,
209 1152 238 1223 4,
254 1150 318 1224 4,2
342 1148 374 1207 P.
396 1142 467 1224 13),
495 1141 688 1224 ‘Pomponius
787 1146 893 1206 scribit
915 1190 947 1207 ..
971 1150 1001 1206 et
1024 1148 1118 1206 refert

118 1231 270 1297 labeonem
298 1230 481 1295 existimare'
509 1229 559 1314 (D.
574 1237 605 1313 4,
620 1238 648 1312 2,
665 1238 739 1312 9pr.
766 1236 799 1295 P.
815 1229 885 1316 40),
914 1229 1005 1295 ‘idem
1027 1235 1116 1295 Pom·

118 1325 207 1397 penius
234 1326 329 1385 refert
351 1325 519 1384 Labeonem
545 1318 729 1383 existimare'
752 1319 803 1402 (D.
820 1327 849 1402 4,
865 1327 894 1402 3,
911 1328 939 1401 1,
955 1327 973 1385 6
998 1325 1030 1383 P.
1048 1319 1116 1403 44),

118 1411 227 1492 illaque.
261 1414 390 1489 denique
408 1413 608 1489 Pomponium
631 1413 766 1472 inlibris
787 1415 824 1472 ad
843 1414 975 1473 edictum
994 1413 1115 1473 Viviani

118 1516 189 1575 opere
214 1522 304 1563 nsum
332 1520 396 1561 esse
423 1501 459 1562 D.
482 1504 536 1577 13,
557 1503 590 1579 6,
611 1503 706 1579 17,4
738 1502 856 1578 probat
905 1503 984 1561 idem
1016 1506 1117 1562 censet

118 1585 235 1652 Pornice:
252 1590 525 1668 Sitzungsberiebte
540 1590 915 1650 derBerlinerAkademie
932 1593 1016 1652 1885
1032 1591 1116 1650 XXV

187 1764 216 1831 5.
235 1762 276 1830 D.
285 1763 445 1844 ibid.§24
464 1760 513 1850 (P.
524 1759 627 1850 624⁰).
645 1799 682 1810 -
700 1761 735 1827 si
753 1784 869 1829 navem
884 1764 1115 1829 venaliciarum

113 1853 253 1919 madum
284 1852 495 1937 perforasset,
529 1851 681 1937 Aquiliae
714 1852 874 1917 actionem
907 1874 991 1935 esse,
1024 1854 1116 1936 quasi

115 1943 240 2025 ruperit,
263 1940 421 2008 Vivianus
445 1940 569 2007 scribit.

188 2049 218 2115 6.
250 2047 289 2113 D.
308 2048 387 2113 ibid.
405 2051 425 2128 ὅ
443 2049 486 2114 28
516 2044 565 2134 (Ρ.
581 2045 684 2134 625⁸).
710 2084 748 2094 —
774 2098 809 2113 ..
834 2048 862 2112 si
884 2069 1020 2130 puerum
1043 2048 1114 2132 quis

109 2135 290 2203 cutraverit
325 2140 358 2201 et
389 2137 616 2222 pretiosiorem
648 2138 773 2220 fecerit,
809 2133 968 2201 Vivianus
1002 2137 1115 2202 scribit

108 2245 225 2292 cessare
247 2225 422 2310 Aquiliam.

186 2319 337 2396 Ulpianus
365 2318 462 2379 addit:
491 2313 554 2379 ‘sed
582 2319 762 2378 iniuriarum
791 2319 848 2378 erit
871 2319 1021 2397 agendum
1045 2311 1114 2397 (aut

105 2424 136 2467 ox
156 2408 254 2469 edicto
273 2408 415 2468 aedilium
434 2405 513 2484 [aut]
534 2408 565 2467 in
585 2399 823 2487 quadrupluml’.
943 2420 945 2425 '

472 2580 521 2645 De
543 2582 740 2646 commodato.

187 2712 224 2773 cf.
242 2710 353 2770 Iuliani
374 2709 485 2769 librum
509 2709 552 2769 XI
573 2709 606 2771 P.
623 2712 805 2770 170-172.

187 2816 231 2878 7·.
254 2810 294 2876 D.
304 2813 356 2896 13,
366 2811 395 2894 6,
406 2813 435 2895 1,
449 2815 475 2877 1.
510 2810 671 2895 Ulpianus
694 2812 778 2875 libro
799 2810 974 2874 vicensimo
994 2814 1111 2876 octavo

100 2901 138 2967 ed
165 2902 307 2967 edictum
335 2897 385 2987 (P.
401 2898 504 2985 804⁵).
533 2936 572 2946 -
603 2950 636 2965 ..
668 2899 799 2983 proprie
828 2898 1032 2964 commodata
1059 2922 1112 2964 res

99 2989 213 3056 dicitur
241 2992 274 3054 et
301 3011 382 3073 qnae
411 2987 474 3054 soli
501 2991 564 3072 est,
591 2988 687 3073 idque
716 2992 748 3052 et
776 2987 907 3054 Cassius
938 2989 1112 3053 existimat.

97 3075 256 3146 Vivianus
303 3077 444 3162 amplius
490 3078 588 3143 etiam
633 3077 869 3142 habitationem
915 3076 1112 3142 commodari

118 3190 192 3234 osse
216 3167 273 3232 ait.

96 3188 117 3253 p
186 3253 232 3321 7¹³.
252 3255 292 3321 D.
308 3255 359 3337 19,
373 3255 403 3340 5,
415 3256 509 3341 ilpr.
546 3253 705 3339 Ulpianus
724 3254 800 3319 ibid.
822 3290 858 3300 -
881 3251 915 3318 si
934 3252 1111 3336 gratuitam

96 3345 155 3411 tibi
173 3344 412 3410 habitationem
431 3343 557 3428 dedero,
577 3366 618 3408 an
637 3343 832 3408 commodati
851 3363 947 3429 agere
966 3339 1110 3424 possim?

96 3439 129 3500 et
150 3433 312 3500 Vitianus
337 3433 382 3497 ait
404 3454 510 3518 posse.

186 3522 216 3589 8.
247 3521 288 3588 D.
307 3521 359 3602 13,
374 3522 404 3607 6,
421 3523 472 3606 17,
485 3522 515 3586 4.
564 3519 683 3586 Paulus
710 3520 794 3584 libro
824 3517 996 3584 vicensimo
1023 3537 1109 3582 nono
