2422 3976
105 177 147 241 58
176 179 223 234 111.
238 178 313 234 GAIl
328 177 475 234 CLAUDII
489 177 624 234 NERON.
635 177 779 233 GALBAE
790 179 1005 236 renelmus
1016 179 1115 238 CONS.

105 339 176 407 cum
208 343 295 406 iusto
327 344 437 405 tutore
468 344 596 405 tutorvc
629 362 702 406 cum
734 364 845 406 eorum
877 365 942 428 quo
975 344 1036 428 tepe
1062 349 1118 411 acet

105 431 238 514 lepitimo
274 427 407 495 iudicto¹
443 450 538 514 agere
573 430 645 494 vult
677 433 710 494 et
741 429 845 495 tutor2
876 432 911 495 in
943 454 1015 496 eam
1047 455 1115 499 rem

103 520 235 603 petitur,
258 523 368 583 utrum
391 518 471 601 ipsis
494 518 702 603 poscentibus
726 519 821 583 datur
844 542 884 584 an
909 542 984 586 vero
1009 525 1042 586 et
1064 522 1115 587 ad·

103 607 271 673 versario?
312 612 345 671 et
364 606 527 671 sciendum
547 610 606 692 est,
629 608 697 672 sive
717 611 818 692 agant
836 609 903 673 sive
922 611 1114 676 convenian-

101 700 165 781 tur,
188 696 257 761 dari
280 696 367 760 hunc
390 692 546 760 tutorem⁸
568 718 672 780 posse,
696 697 836 761 sednon
855 697 946 781 alias,
969 701 1115 781 quamsi

101 785 173 868 ipse
204 787 308 870 petat,
340 785 391 850 cui
424 784 494 847 dari
527 807 599 848 eum
630 788 766 868 oportet.
817 786 954 872 denique
981 785 1112 854 Cassius

101 874 185 939 libro
214 879 304 939 sexto
333 870 439 961 (sexto
474 871 633 957 decimo‘l)
667 873 798 958 scripsit
830 875 930 939 talem
962 873 1114 942 tutorem⁸

101 963 264 1028 neminem
280 963 350 1026 dari
364 983 458 1046 posse
474 961 536 1025 nisi
550 965 754 1047 praesentem
767 984 872 1046 neque
886 963 1038 1049 cuiquam
1050 965 1113 1030 nisi

100 1053 263 1136 praesenti
287 1054 320 1116 et
341 1049 530 1135 postulanti,
553 1050 663 1134 itaque
684 1050 803 1115 infanti
820 1072 888 1116 non
906 1056 1018 1136 potest
1035 1053 1112 1118 dari.

100 1141 185 1206 idem
200 1139 331 1206 Cassius
351 1139 407 1224 ait,
426 1139 453 1203 si
472 1137 616 1222 pupillus
635 1136 792 1203 tutorem³
805 1161 936 1222 poscere
954 1163 1020 1208 non
1035 1143 1112 1225 vult,

101 1251 165 1314 quo
180 1232 286 1294 minus
301 1250 374 1296 cum
389 1250 426 1292 eo
442 1230 569 1312 agatur,
583 1227 657 1311 cogi
671 1249 742 1291 eum
759 1250 778 1292 a
792 1231 940 1311 praetore
954 1231 1110 1296 debuisse.

189 1319 240 1384 85.
267 1317 306 1382 D.
326 1318 379 1394 26,
399 1317 427 1400 7,
446 1317 487 1380 37
495 1339 542 1400 pr.
588 1315 677 1379 Idem
706 1314 764 1400 (sc.
790 1315 1001 1404 Papinianus)
1028 1319 1109 1385 libro

99 1406 267 1471 undecimo
306 1405 539 1480 Quaestionum
576 1403 624 1488 (P.
652 1401 739 1492 199).
772 1441 814 1451 -
847 1405 1016 1490 Tutorem,
1058 1409 1110 1494 qui

99 1500 234 1560 tutelam
270 1495 367 1578 gerit,
404 1491 541 1558 Sabinus
574 1499 607 1556 et
640 1490 786 1577 Cassius,
817 1497 914 1579 prout
946 1498 1047 1583 gerit,
1076 1496 1108 1560 in

99 1584 245 1668 singulas
282 1605 332 1646 res
364 1603 423 1667 per
454 1586 601 1666 tempora
634 1583 721 1646 velut
752 1605 791 1646 ex
822 1583 971 1666 pluribus
1005 1585 1108 1651 causis

98 1672 237 1756 obligari
260 1675 464 1754 putaverunt.

187 1761 238 1825 86.
261 1759 301 1824 D.
314 1760 366 1842 43,
382 1759 434 1840 24,
449 1759 501 1841 11,
511 1759 540 1822 6.
576 1757 735 1842 Ulpianus
748 1759 832 1824 libro
847 1763 1107 1845 septuagensimo

97 1848 203 1932 primo
231 1848 271 1912 ad
295 1848 434 1912 edictum
454 1845 501 1932 (P.
519 1843 684 1934 1596)-
778 1844 909 1913 Cassius
927 1851 1049 1934 probat
1071 1872 1106 1915 ex

97 1937 173 2002 dolo
200 1937 318 2002 tutoris
344 1935 396 2001 vel
419 1935 577 2000 curatoris
600 1935 762 2019 pupillum
784 1937 837 2000 vel
859 1936 1021 2002 furiosum
1044 1961 1107 2004 non

96 2027 209 2092 teneri.

185 2116 252 2180 87⁸.
280 2112 349 2178 Gai.
371 2116 399 2197 1,
420 2112 491 2177 196.
518 2149 555 2158 -
583 2111 762 2194 <Puberem
781 2165 788 2178 .
807 2113 837 2198 .>
866 2112 1008 2179 Sabinus
1028 2167 1057 2182 ..
1076 2120 1106 2180 et

97 2200 227 2269 Cassius
243 2255 249 2268 .
265 2255 271 2269 .
287 2251 295 2267 .
310 2225 381 2267 eum
402 2223 471 2266 esse
489 2205 614 2286 putant,
634 2202 689 2286 qui
707 2202 822 2267 habitu
837 2203 979 2286 corporis
993 2205 1105 2289 puber-

95 2295 197 2356 tatem
221 2291 372 2374 ostendit,
394 2290 427 2354 id
451 2297 501 2356 est
525 2291 579 2375 qui
602 2311 756 2374 generare
778 2294 898 2376 potest3
923 2291 978 2356 sed
1001 2293 1037 2358 in
1057 2293 1104 2357 bis

97 2381 152 2465 qui
170 2382 343 2465 pubescere
362 2401 428 2443 non
447 2382 595 2462 possunt,
618 2379 826 2462 qualessunt
844 2379 1017 2465 spadones,
1035 2404 1103 2447 earn

96 2473 234 2534 aetatem
259 2491 330 2533 esse
353 2467 574 2551 spectandam,
600 2468 690 2532 cuius
714 2469 830 2533 aetatis
853 2470 992 2553 puberes
1016 2471 1102 2536 fiunt.

185 2555 251 2625 87¹³.
275 2557 348 2640 Ulp.
366 2557 405 2621 fr.
425 2557 476 2639 11,
491 2557 541 2621 28.
561 2593 604 2601 -
627 2555 822 2621 Liberantur
845 2559 948 2622 tutela
971 2559 1104 2624 masculi

95 2647 221 2731 quidem
241 2647 420 2730 pubertate.
453 2645 605 2728 puberem
625 2648 732 2709 autem
752 2643 901 2711 Cassiani
920 2697 926 2710 .
942 2697 950 2712 .
969 2669 1042 2712 eum
1060 2647 1102 2712 di·

95 2741 186 2819 cunt,
213 2736 269 2819 qui
296 2735 412 2799 babitu
439 2733 583 2817 eorporis
611 2733 713 2815 pubes
742 2737 890 2819 apparet,
918 2734 951 2799 id
978 2736 1102 2822 estqui

94 2846 247 2910 generare
270 2825 382 2908 possit.

526 2917 573 2975 Dc
595 2933 675 2976 curo.

182 3029 233 3094 88.
266 3028 304 3092 D.
323 3027 377 3110 42,
396 3028 425 3111 l,
444 3028 474 3108 2,
493 3026 522 3091 3.
572 3024 730 3110 Ulpianus
762 3026 847 3091 libro
880 3029 1101 3113 sexagensimo

93 3117 205 3201 quinto
230 3117 270 3181 ad
294 3116 431 3181 edictum
456 3114 504 3198 (P.
521 3111 630 3202 1445).
652 3152 689 3161 -
711 3115 893 3198 Quaeritur,
916 3138 959 3181 an
983 3117 1101 3183 invitus

164 3269 178 3316 1
202 3265 276 3319 Trtb.
290 3262 378 3317 litem.
393 3263 512 3317 restituit
525 3261 611 3317 Leael
624 3261 654 3316 P.
664 3261 728 3331 Ulp.
743 3267 822 3317 2837.
846 3263 881 3317 cf.
891 3263 955 3333 Ulp.
971 3264 1005 3320 fr.
1018 3271 1059 3334 11,
1069 3267 1101 3319 94

94 3335 229 3389 ‘moribus
256 3337 334 3389 tutor
362 3334 445 3387 datur
472 3332 583 3387 mulieri
607 3333 751 3402 pupillove
778 3333 826 3402 qui
850 3351 912 3388 cum
935 3337 1031 3391 tutore
1054 3349 1100 3391 suo

91 3406 154 3476 lege
173 3408 222 3460 aut
240 3406 366 3474 legitimo
385 3402 490 3458 iudicio
509 3419 592 3472 agere
610 3403 683 3472 vult,
703 3405 736 3457 ut
753 3407 866 3459 auctore
885 3422 918 3460 eo
937 3407 1027 3472 agat'.

163 3482 179 3600 Ξ
202 3475 460 3602 111111...
