<?xml version="1.0" encoding="UTF-8"?>
<!DOCTYPE html PUBLIC "-//W3C//DTD XHTML 1.0 Transitional//EN"
    "http://www.w3.org/TR/xhtml1/DTD/xhtml1-transitional.dtd">
<html xmlns="http://www.w3.org/1999/xhtml" xml:lang="en" lang="en">
 <head>
  <title>
</title>
<meta http-equiv="Content-Type" content="text/html;charset=utf-8" />
  <meta name='ocr-system' content='tesseract 3.04.00' />
  <meta name='ocr-capabilities' content='ocr_page ocr_carea ocr_par ocr_line ocrx_word'/>
</head>
<body>
  <div class='ocr_page' id='page_1' title='image "./iurisprudentiae01bremgoog_0203.png"; bbox 0 0 2422 3976; ppageno 0'>
   <div class='ocr_carea' id='block_1_1' title="bbox 95 179 1107 249">
    <p class='ocr_par' dir='ltr' id='par_1_1' title="bbox 95 179 1107 249">
     <span class='ocr_line' id='line_1_1' title="bbox 95 179 1107 249; baseline -0.008 -2"><span class='ocrx_word' id='word_1_1' title='bbox 95 183 160 249; x_wconf 85' lang='grc'>168</span> <span class='ocrx_word' id='word_1_2' title='bbox 177 183 225 240; x_wconf 92' lang='grc' dir='ltr'>ΙΠ.</span> <span class='ocrx_word' id='word_1_3' title='bbox 235 182 312 238; x_wconf 83' lang='lat' dir='ltr'>GAII</span> <span class='ocrx_word' id='word_1_4' title='bbox 321 180 468 238; x_wconf 81' lang='lat' dir='ltr'>CLAUDII</span> <span class='ocrx_word' id='word_1_5' title='bbox 477 179 613 236; x_wconf 81' lang='lat' dir='ltr'><strong>NERON.</strong></span> <span class='ocrx_word' id='word_1_6' title='bbox 624 179 769 237; x_wconf 75' lang='lat' dir='ltr'><strong>GALBAE</strong></span> <span class='ocrx_word' id='word_1_7' title='bbox 779 180 888 237; x_wconf 80' lang='grc' dir='ltr'><strong>ΤΕΜΡ.</strong></span> <span class='ocrx_word' id='word_1_8' title='bbox 897 179 995 236; x_wconf 69' lang='lat' dir='ltr'>Iunas</span> <span class='ocrx_word' id='word_1_9' title='bbox 1005 180 1107 240; x_wconf 79' lang='lat' dir='ltr'><strong>CONS.</strong></span> 
     </span>
    </p>
   </div>
   <div class='ocr_carea' id='block_1_2' title="bbox 94 343 1109 696">
    <p class='ocr_par' dir='ltr' id='par_1_2' title="bbox 94 343 1109 696">
     <span class='ocr_line' id='line_1_2' title="bbox 95 343 1109 431; baseline -0.001 -20"><span class='ocrx_word' id='word_1_10' title='bbox 95 346 248 428; x_wconf 82' lang='lat' dir='ltr'>adiuerit,</span> <span class='ocrx_word' id='word_1_11' title='bbox 278 343 363 431; x_wconf 92' lang='lat' dir='ltr'>quod</span> <span class='ocrx_word' id='word_1_12' title='bbox 391 344 574 410; x_wconf 81' lang='lat' dir='ltr'>valetudine</span> <span class='ocrx_word' id='word_1_13' title='bbox 602 344 654 408; x_wconf 85' lang='lat' dir='ltr'>vel</span> <span class='ocrx_word' id='word_1_14' title='bbox 681 344 728 409; x_wconf 90' lang='lat' dir='ltr'>rei</span> <span class='ocrx_word' id='word_1_15' title='bbox 754 344 902 428; x_wconf 86' lang='lat' dir='ltr'>publicae</span> <span class='ocrx_word' id='word_1_16' title='bbox 929 365 1027 410; x_wconf 88' lang='lat' dir='ltr'>causa</span> <span class='ocrx_word' id='word_1_17' title='bbox 1054 345 1109 410; x_wconf 85' lang='lat' dir='ltr'>ab·</span> 
     </span>
     <span class='ocr_line' id='line_1_3' title="bbox 94 431 1109 518; baseline -0.001 -18"><span class='ocrx_word' id='word_1_18' title='bbox 94 435 199 501; x_wconf 88' lang='lat' dir='ltr'>sentia</span> <span class='ocrx_word' id='word_1_19' title='bbox 226 433 400 518; x_wconf 90' lang='lat' dir='ltr'>impeditus</span> <span class='ocrx_word' id='word_1_20' title='bbox 429 433 472 497; x_wconf 86' lang='lat' dir='ltr'>sit</span> <span class='ocrx_word' id='word_1_21' title='bbox 495 436 551 497; x_wconf 92' lang='lat' dir='ltr'>aut</span> <span class='ocrx_word' id='word_1_22' title='bbox 574 433 768 518; x_wconf 86' lang='lat' dir='ltr'>magistratu</span> <span class='ocrx_word' id='word_1_23' title='bbox 792 435 849 498; x_wconf 90' lang='lat' dir='ltr'>aut</span> <span class='ocrx_word' id='word_1_24' title='bbox 870 431 936 498; x_wconf 90' lang='lat' dir='ltr'>alia</span> <span class='ocrx_word' id='word_1_25' title='bbox 959 434 1047 499; x_wconf 85' lang='lat' dir='ltr'>iusta</span> <span class='ocrx_word' id='word_1_26' title='bbox 1069 433 1109 499; x_wconf 91' lang='lat' dir='ltr'>de</span> 
     </span>
     <span class='ocr_line' id='line_1_4' title="bbox 94 519 1107 607; baseline -0.003 -18"><span class='ocrx_word' id='word_1_27' title='bbox 94 545 201 607; x_wconf 85' lang='lat' dir='ltr'>causa,</span> <span class='ocrx_word' id='word_1_28' title='bbox 225 545 365 607; x_wconf 89' lang='lat' dir='ltr'>poenam</span> <span class='ocrx_word' id='word_1_29' title='bbox 389 522 548 586; x_wconf 91' lang='lat' dir='ltr'>committi</span> <span class='ocrx_word' id='word_1_30' title='bbox 569 521 726 588; x_wconf 88' lang='lat' dir='ltr'>Proculus</span> <span class='ocrx_word' id='word_1_31' title='bbox 750 525 784 586; x_wconf 89' lang='lat' dir='ltr'>et</span> <span class='ocrx_word' id='word_1_32' title='bbox 805 519 981 587; x_wconf 74' lang='lat' dir='ltr'><strong>Atilicinus</strong></span> <span class='ocrx_word' id='word_1_33' title='bbox 1005 523 1107 607; x_wconf 83' lang='lat' dir='ltr'>aiunt3</span> 
     </span>
     <span class='ocr_line' id='line_1_5' title="bbox 95 609 1108 696; baseline -0.001 -19"><span class='ocrx_word' id='word_1_34' title='bbox 95 612 151 677; x_wconf 92' lang='lat' dir='ltr'>sed</span> <span class='ocrx_word' id='word_1_35' title='bbox 174 613 202 676; x_wconf 90' lang='lat' dir='ltr'>si</span> <span class='ocrx_word' id='word_1_36' title='bbox 224 615 357 696; x_wconf 89' lang='lat' dir='ltr'>paratus</span> <span class='ocrx_word' id='word_1_37' title='bbox 380 611 423 675; x_wconf 90' lang='lat' dir='ltr'>sit</span> <span class='ocrx_word' id='word_1_38' title='bbox 447 611 480 674; x_wconf 91' lang='lat' dir='ltr'>in</span> <span class='ocrx_word' id='word_1_39' title='bbox 499 609 634 675; x_wconf 89' lang='lat' dir='ltr'>eundem</span> <span class='ocrx_word' id='word_1_40' title='bbox 652 609 923 694; x_wconf 75' lang='lat' dir='ltr'>compromittere,</span> <span class='ocrx_word' id='word_1_41' title='bbox 947 610 1108 677; x_wconf 75' lang='lat' dir='ltr'><strong>actionem</strong></span> 
     </span>
    </p>
   </div>
   <div class='ocr_carea' id='block_1_3' title="bbox 94 698 1109 872">
    <p class='ocr_par' dir='ltr' id='par_1_3' title="bbox 94 698 1109 872">
     <span class='ocr_line' id='line_1_6' title="bbox 94 698 767 786; baseline -0.003 -21"><span class='ocrx_word' id='word_1_42' title='bbox 94 701 246 786; x_wconf 86' lang='lat' dir='ltr'>denegari</span> <span class='ocrx_word' id='word_1_43' title='bbox 270 703 326 764; x_wconf 92' lang='lat' dir='ltr'>aut</span> <span class='ocrx_word' id='word_1_44' title='bbox 349 700 536 782; x_wconf 84' lang='lat' dir='ltr'>exceptione</span> <span class='ocrx_word' id='word_1_45' title='bbox 559 701 666 763; x_wconf 92' lang='lat' dir='ltr'>tutum</span> <span class='ocrx_word' id='word_1_46' title='bbox 688 698 767 764; x_wconf 87' lang='lat' dir='ltr'>fore.</span> 
     </span>
     <span class='ocr_line' id='line_1_7' title="bbox 183 785 1109 872; baseline -0.001 -17"><span class='ocrx_word' id='word_1_47' title='bbox 183 790 212 855; x_wconf 87' lang='grc'>6.</span> <span class='ocrx_word' id='word_1_48' title='bbox 235 788 274 853; x_wconf 93' lang='lat' dir='ltr'>D.</span> <span class='ocrx_word' id='word_1_49' title='bbox 288 789 319 872; x_wconf 90' lang='lat'>4,</span> <span class='ocrx_word' id='word_1_50' title='bbox 332 789 361 871; x_wconf 90' lang='lat'>8,</span> <span class='ocrx_word' id='word_1_51' title='bbox 371 789 424 870; x_wconf 78' lang='lat'>23,</span> <span class='ocrx_word' id='word_1_52' title='bbox 436 788 463 852; x_wconf 89' lang='lat'>1.</span> <span class='ocrx_word' id='word_1_53' title='bbox 509 785 667 871; x_wconf 84' lang='lat' dir='ltr'>Ulpianus</span> <span class='ocrx_word' id='word_1_54' title='bbox 690 787 774 852; x_wconf 87' lang='lat' dir='ltr'>libro</span> <span class='ocrx_word' id='word_1_55' title='bbox 798 787 896 851; x_wconf 87' lang='lat' dir='ltr'>tertio</span> <span class='ocrx_word' id='word_1_56' title='bbox 919 787 1045 853; x_wconf 88' lang='lat' dir='ltr'>decimo</span> <span class='ocrx_word' id='word_1_57' title='bbox 1068 787 1109 854; x_wconf 84' lang='lat' dir='ltr'>ad</span> 
     </span>
    </p>
   </div>
   <div class='ocr_carea' id='block_1_4' title="bbox 93 872 1109 1848">
    <p class='ocr_par' dir='ltr' id='par_1_4' title="bbox 93 872 1109 1848">
     <span class='ocr_line' id='line_1_8' title="bbox 95 872 1109 963; baseline -0.001 -21"><span class='ocrx_word' id='word_1_58' title='bbox 95 878 233 944; x_wconf 94' lang='lat' dir='ltr'>edictum</span> <span class='ocrx_word' id='word_1_59' title='bbox 252 876 300 962; x_wconf 86' lang='lat' dir='ltr'>(P.</span> <span class='ocrx_word' id='word_1_60' title='bbox 314 873 420 963; x_wconf 68' lang='lat' dir='ltr'><strong>461b).</strong></span> <span class='ocrx_word' id='word_1_61' title='bbox 447 912 484 924; x_wconf 92' lang='lat'><em>-</em></span> <span class='ocrx_word' id='word_1_62' title='bbox 510 872 640 962; x_wconf 77' lang='lat' dir='ltr'>(celsus</span> <span class='ocrx_word' id='word_1_63' title='bbox 664 876 725 958; x_wconf 87' lang='lat' dir='ltr'>ait,</span> <span class='ocrx_word' id='word_1_64' title='bbox 749 877 777 940; x_wconf 93' lang='lat' dir='ltr'>si</span> <span class='ocrx_word' id='word_1_65' title='bbox 800 876 921 941; x_wconf 79' lang='lat' dir='ltr'><strong>arbiter</strong></span> <span class='ocrx_word' id='word_1_66' title='bbox 943 876 1109 941; x_wconf 68' lang='lat' dir='ltr'>intralia</span> 
     </span>
     <span class='ocr_line' id='line_1_9' title="bbox 95 964 1109 1050; baseline -0.003 -18"><span class='ocrx_word' id='word_1_67' title='bbox 95 967 207 1033; x_wconf 86' lang='lat' dir='ltr'>landas</span> <span class='ocrx_word' id='word_1_68' title='bbox 232 966 437 1050; x_wconf 81' lang='lat' dir='ltr'>Septembres</span> <span class='ocrx_word' id='word_1_69' title='bbox 466 965 536 1031; x_wconf 87' lang='lat' dir='ltr'>dari</span> <span class='ocrx_word' id='word_1_70' title='bbox 558 964 689 1029; x_wconf 88' lang='lat' dir='ltr'>iusserit</span> <span class='ocrx_word' id='word_1_71' title='bbox 711 986 770 1030; x_wconf 88' lang='lat' dir='ltr'>nec</span> <span class='ocrx_word' id='word_1_72' title='bbox 794 965 906 1030; x_wconf 89' lang='lat' dir='ltr'>datum</span> <span class='ocrx_word' id='word_1_73' title='bbox 929 965 1005 1047; x_wconf 90' lang='lat' dir='ltr'>erit,</span> <span class='ocrx_word' id='word_1_74' title='bbox 1032 965 1109 1030; x_wconf 88' lang='lat' dir='ltr'>licet</span> 
     </span>
     <span class='ocr_line' id='line_1_10' title="bbox 93 1053 1108 1142; baseline -0.003 -21"><span class='ocrx_word' id='word_1_75' title='bbox 93 1060 209 1142; x_wconf 86' lang='lat' dir='ltr'>postea</span> <span class='ocrx_word' id='word_1_76' title='bbox 236 1056 404 1139; x_wconf 87' lang='lat' dir='ltr'>offeratur,</span> <span class='ocrx_word' id='word_1_77' title='bbox 432 1057 577 1118; x_wconf 88' lang='lat' dir='ltr'>attamen</span> <span class='ocrx_word' id='word_1_78' title='bbox 605 1053 704 1118; x_wconf 89' lang='lat' dir='ltr'>semel</span> <span class='ocrx_word' id='word_1_79' title='bbox 734 1055 940 1119; x_wconf 88' lang='lat' dir='ltr'>commissam</span> <span class='ocrx_word' id='word_1_80' title='bbox 968 1075 1108 1138; x_wconf 88' lang='lat' dir='ltr'>poenam</span> 
     </span>
     <span class='ocr_line' id='line_1_11' title="bbox 94 1142 1108 1228; baseline -0.003 -19"><span class='ocrx_word' id='word_1_81' title='bbox 94 1144 321 1228; x_wconf 83' lang='lat' dir='ltr'>compromissi</span> <span class='ocrx_word' id='word_1_82' title='bbox 347 1164 414 1208; x_wconf 93' lang='lat' dir='ltr'>non</span> <span class='ocrx_word' id='word_1_83' title='bbox 437 1163 641 1226; x_wconf 86' lang='lat' dir='ltr'>evanescere,</span> <span class='ocrx_word' id='word_1_84' title='bbox 665 1142 824 1226; x_wconf 79' lang='lat' dir='ltr'>‘quoniam</span> <span class='ocrx_word' id='word_1_85' title='bbox 848 1142 975 1226; x_wconf 86' lang='lat' dir='ltr'>semper</span> <span class='ocrx_word' id='word_1_86' title='bbox 998 1161 1108 1208; x_wconf 82' lang='lat' dir='ltr'>verum</span> 
     </span>
     <span class='ocr_line' id='line_1_12' title="bbox 94 1230 1108 1315; baseline -0.001 -18"><span class='ocrx_word' id='word_1_87' title='bbox 94 1237 144 1298; x_wconf 89' lang='lat' dir='ltr'>est</span> <span class='ocrx_word' id='word_1_88' title='bbox 164 1233 251 1298; x_wconf 87' lang='lat' dir='ltr'>intra</span> <span class='ocrx_word' id='word_1_89' title='bbox 268 1231 422 1297; x_wconf 78' lang='lat' dir='ltr'>kalendas</span> <span class='ocrx_word' id='word_1_90' title='bbox 441 1230 553 1295; x_wconf 81' lang='lat' dir='ltr'>datum</span> <span class='ocrx_word' id='word_1_91' title='bbox 572 1252 638 1296; x_wconf 91' lang='lat' dir='ltr'>non</span> <span class='ocrx_word' id='word_1_92' title='bbox 657 1252 741 1315; x_wconf 82' lang='lat' dir='ltr'>esse3</span> <span class='ocrx_word' id='word_1_93' title='bbox 765 1231 815 1295; x_wconf 84' lang='lat' dir='ltr'>sin</span> <span class='ocrx_word' id='word_1_94' title='bbox 834 1234 943 1295; x_wconf 89' lang='lat' dir='ltr'>autem</span> <span class='ocrx_word' id='word_1_95' title='bbox 963 1231 1108 1296; x_wconf 89' lang='lat' dir='ltr'>oblatum</span> 
     </span>
     <span class='ocr_line' id='line_1_13' title="bbox 95 1318 1108 1407; baseline -0.003 -20"><span class='ocrx_word' id='word_1_96' title='bbox 95 1324 236 1407; x_wconf 89' lang='lat' dir='ltr'>accepit,</span> <span class='ocrx_word' id='word_1_97' title='bbox 270 1342 409 1404; x_wconf 90' lang='lat' dir='ltr'>poenam</span> <span class='ocrx_word' id='word_1_98' title='bbox 441 1324 550 1404; x_wconf 88' lang='lat' dir='ltr'>petere</span> <span class='ocrx_word' id='word_1_99' title='bbox 582 1341 648 1384; x_wconf 93' lang='lat' dir='ltr'>non</span> <span class='ocrx_word' id='word_1_100' title='bbox 679 1322 788 1403; x_wconf 86' lang='lat' dir='ltr'>potest</span> <span class='ocrx_word' id='word_1_101' title='bbox 820 1318 888 1385; x_wconf 93' lang='lat' dir='ltr'>doli</span> <span class='ocrx_word' id='word_1_102' title='bbox 919 1321 1108 1404; x_wconf 75' lang='lat' dir='ltr'>exceptione</span> 
     </span>
     <span class='ocr_line' id='line_1_14' title="bbox 94 1403 1108 1495; baseline -0.002 -20"><span class='ocrx_word' id='word_1_103' title='bbox 94 1410 315 1477; x_wconf 81' lang='lat' dir='ltr'>removendus.</span> <span class='ocrx_word' id='word_1_104' title='bbox 343 1412 456 1475; x_wconf 91' lang='lat' dir='ltr'>contra</span> <span class='ocrx_word' id='word_1_105' title='bbox 487 1408 544 1472; x_wconf 93' lang='lat' dir='ltr'>ubi</span> <span class='ocrx_word' id='word_1_106' title='bbox 580 1407 750 1472; x_wconf 75' lang='lat' dir='ltr'>dumtaxat</span> <span class='ocrx_word' id='word_1_107' title='bbox 786 1407 863 1473; x_wconf 89' lang='lat' dir='ltr'>dare</span> <span class='ocrx_word' id='word_1_108' title='bbox 894 1407 1003 1492; x_wconf 82' lang='lat' dir='ltr'>iussus</span> <span class='ocrx_word' id='word_1_109' title='bbox 1037 1403 1108 1495; x_wconf 86' lang='lat' dir='ltr'>est)</span> 
     </span>
     <span class='ocr_line' id='line_1_15' title="bbox 93 1495 1107 1583; baseline -0.004 -18"><span class='ocrx_word' id='word_1_110' title='bbox 93 1500 183 1565; x_wconf 87' lang='lat' dir='ltr'>Idem</span> <span class='ocrx_word' id='word_1_111' title='bbox 212 1499 271 1583; x_wconf 90' lang='lat' dir='ltr'>ait,</span> <span class='ocrx_word' id='word_1_112' title='bbox 304 1498 332 1562; x_wconf 85' lang='lat' dir='ltr'>si</span> <span class='ocrx_word' id='word_1_113' title='bbox 359 1496 490 1562; x_wconf 87' lang='lat' dir='ltr'>iusserit</span> <span class='ocrx_word' id='word_1_114' title='bbox 517 1518 568 1561; x_wconf 90' lang='lat' dir='ltr'>me</span> <span class='ocrx_word' id='word_1_115' title='bbox 595 1496 657 1561; x_wconf 89' lang='lat' dir='ltr'>tibi</span> <span class='ocrx_word' id='word_1_116' title='bbox 684 1497 761 1561; x_wconf 91' lang='lat' dir='ltr'>dare</span> <span class='ocrx_word' id='word_1_117' title='bbox 788 1500 822 1561; x_wconf 90' lang='lat' dir='ltr'>et</span> <span class='ocrx_word' id='word_1_118' title='bbox 848 1495 1035 1562; x_wconf 88' lang='lat' dir='ltr'>valetudine</span> <span class='ocrx_word' id='word_1_119' title='bbox 1064 1497 1107 1562; x_wconf 92' lang='lat' dir='ltr'>sis</span> 
     </span>
     <span class='ocr_line' id='line_1_16' title="bbox 94 1585 1106 1672; baseline -0.002 -19"><span class='ocrx_word' id='word_1_120' title='bbox 94 1588 277 1672; x_wconf 91' lang='lat' dir='ltr'>impeditus,</span> <span class='ocrx_word' id='word_1_121' title='bbox 300 1608 364 1671; x_wconf 91' lang='lat' dir='ltr'>quo</span> <span class='ocrx_word' id='word_1_122' title='bbox 383 1586 490 1650; x_wconf 90' lang='lat' dir='ltr'>minus</span> <span class='ocrx_word' id='word_1_123' title='bbox 510 1585 660 1669; x_wconf 86' lang='lat' dir='ltr'>accipias,</span> <span class='ocrx_word' id='word_1_124' title='bbox 680 1590 737 1650; x_wconf 91' lang='lat' dir='ltr'>aut</span> <span class='ocrx_word' id='word_1_125' title='bbox 754 1585 818 1649; x_wconf 92' lang='lat' dir='ltr'>alia</span> <span class='ocrx_word' id='word_1_126' title='bbox 836 1585 923 1650; x_wconf 86' lang='lat' dir='ltr'>iusta</span> <span class='ocrx_word' id='word_1_127' title='bbox 941 1606 982 1650; x_wconf 87' lang='lat' dir='ltr'>cx</span> <span class='ocrx_word' id='word_1_128' title='bbox 1000 1607 1106 1670; x_wconf 82' lang='lat' dir='ltr'>causa,</span> 
     </span>
     <span class='ocr_line' id='line_1_17' title="bbox 94 1673 1106 1758; baseline -0.002 -18"><span class='ocrx_word' id='word_1_129' title='bbox 94 1676 268 1742; x_wconf 91' lang='lat' dir='ltr'>Proculum</span> <span class='ocrx_word' id='word_1_130' title='bbox 300 1674 484 1739; x_wconf 83' lang='lat' dir='ltr'>existimare</span> <span class='ocrx_word' id='word_1_131' title='bbox 512 1695 651 1756; x_wconf 90' lang='lat' dir='ltr'>poenam</span> <span class='ocrx_word' id='word_1_132' title='bbox 682 1695 749 1739; x_wconf 94' lang='lat' dir='ltr'>non</span> <span class='ocrx_word' id='word_1_133' title='bbox 781 1673 954 1758; x_wconf 88' lang='lat' dir='ltr'>committi,</span> <span class='ocrx_word' id='word_1_134' title='bbox 986 1696 1048 1740; x_wconf 90' lang='lat' dir='ltr'>nec</span> <span class='ocrx_word' id='word_1_135' title='bbox 1079 1675 1106 1739; x_wconf 84' lang='lat' dir='ltr'>si</span> 
     </span>
     <span class='ocr_line' id='line_1_18' title="bbox 94 1762 901 1848; baseline -0.004 -19"><span class='ocrx_word' id='word_1_136' title='bbox 94 1770 171 1848; x_wconf 89' lang='lat' dir='ltr'>post</span> <span class='ocrx_word' id='word_1_137' title='bbox 192 1763 347 1828; x_wconf 83' lang='lat' dir='ltr'>kalendas</span> <span class='ocrx_word' id='word_1_138' title='bbox 370 1766 402 1826; x_wconf 86' lang='lat' dir='ltr'>te</span> <span class='ocrx_word' id='word_1_139' title='bbox 425 1767 540 1846; x_wconf 87' lang='lat' dir='ltr'>parato</span> <span class='ocrx_word' id='word_1_140' title='bbox 565 1762 708 1846; x_wconf 88' lang='lat' dir='ltr'>accipere</span> <span class='ocrx_word' id='word_1_141' title='bbox 731 1785 797 1828; x_wconf 90' lang='lat' dir='ltr'>non</span> <span class='ocrx_word' id='word_1_142' title='bbox 821 1762 901 1827; x_wconf 90' lang='lat' dir='ltr'>dem.</span> 
     </span>
    </p>
   </div>
   <div class='ocr_carea' id='block_1_5' title="bbox 392 1920 810 2005">
    <p class='ocr_par' dir='ltr' id='par_1_5' title="bbox 392 1920 810 2005">
     <span class='ocr_line' id='line_1_19' title="bbox 392 1920 810 2005; baseline 0 -17"><span class='ocrx_word' id='word_1_143' title='bbox 392 1920 443 1988; x_wconf 87' lang='lat' dir='ltr'>Dc</span> <span class='ocrx_word' id='word_1_144' title='bbox 463 1922 635 2005; x_wconf 74' lang='lat' dir='ltr'>sumptibus</span> <span class='ocrx_word' id='word_1_145' title='bbox 654 1921 810 2004; x_wconf 75' lang='lat' dir='ltr'>funerum.</span> 
     </span>
    </p>
   </div>
   <div class='ocr_carea' id='block_1_6' title="bbox 93 2028 1109 2652">
    <p class='ocr_par' dir='ltr' id='par_1_6' title="bbox 93 2028 1109 2566">
     <span class='ocr_line' id='line_1_20' title="bbox 184 2028 1109 2122; baseline 0.001 -19"><span class='ocrx_word' id='word_1_146' title='bbox 184 2040 213 2103; x_wconf 78' lang='lat'>7.</span> <span class='ocrx_word' id='word_1_147' title='bbox 249 2037 288 2103; x_wconf 93' lang='lat' dir='ltr'>D.</span> <span class='ocrx_word' id='word_1_148' title='bbox 313 2038 417 2122; x_wconf 78' lang='lat'>11,7,</span> <span class='ocrx_word' id='word_1_149' title='bbox 442 2039 491 2120; x_wconf 88' lang='lat'>14,</span> <span class='ocrx_word' id='word_1_150' title='bbox 517 2039 567 2104; x_wconf 91' lang='grc'>11.</span> <span class='ocrx_word' id='word_1_151' title='bbox 621 2036 782 2122; x_wconf 89' lang='lat' dir='ltr'>Ulpianus</span> <span class='ocrx_word' id='word_1_152' title='bbox 815 2036 900 2101; x_wconf 92' lang='lat' dir='ltr'>libro</span> <span class='ocrx_word' id='word_1_153' title='bbox 933 2028 1109 2104; x_wconf 86' lang='lat' dir='ltr'>vicensimo</span> 
     </span>
     <span class='ocr_line' id='line_1_21' title="bbox 95 2123 1109 2213; baseline 0.002 -23"><span class='ocrx_word' id='word_1_154' title='bbox 95 2127 209 2212; x_wconf 93' lang='lat' dir='ltr'>quinto</span> <span class='ocrx_word' id='word_1_155' title='bbox 234 2128 274 2191; x_wconf 89' lang='lat' dir='ltr'>ad</span> <span class='ocrx_word' id='word_1_156' title='bbox 297 2127 435 2192; x_wconf 88' lang='lat' dir='ltr'>edictam</span> <span class='ocrx_word' id='word_1_157' title='bbox 461 2125 511 2211; x_wconf 89' lang='lat' dir='ltr'>(P.</span> <span class='ocrx_word' id='word_1_158' title='bbox 526 2123 614 2213; x_wconf 80' lang='lat'><strong>752).</strong></span> <span class='ocrx_word' id='word_1_159' title='bbox 637 2163 674 2172; x_wconf 97' lang='lat'>-</span> <span class='ocrx_word' id='word_1_160' title='bbox 696 2123 731 2190; x_wconf 87' lang='lat' dir='ltr'>Si</span> <span class='ocrx_word' id='word_1_161' title='bbox 754 2126 836 2210; x_wconf 89' lang='lat' dir='ltr'>quis,</span> <span class='ocrx_word' id='word_1_162' title='bbox 860 2125 936 2189; x_wconf 90' lang='lat' dir='ltr'>dnm</span> <span class='ocrx_word' id='word_1_163' title='bbox 960 2148 995 2191; x_wconf 89' lang='lat' dir='ltr'>se</span> <span class='ocrx_word' id='word_1_164' title='bbox 1020 2128 1109 2192; x_wconf 90' lang='lat' dir='ltr'>here-</span> 
     </span>
     <span class='ocr_line' id='line_1_22' title="bbox 95 2213 1108 2301; baseline 0.001 -21"><span class='ocrx_word' id='word_1_165' title='bbox 95 2218 167 2280; x_wconf 89' lang='lat' dir='ltr'>dem</span> <span class='ocrx_word' id='word_1_166' title='bbox 203 2220 311 2301; x_wconf 90' lang='lat' dir='ltr'>putat,</span> <span class='ocrx_word' id='word_1_167' title='bbox 352 2219 479 2300; x_wconf 88' lang='lat' dir='ltr'>patrem</span> <span class='ocrx_word' id='word_1_168' title='bbox 514 2216 656 2279; x_wconf 86' lang='lat' dir='ltr'>familias</span> <span class='ocrx_word' id='word_1_169' title='bbox 693 2213 904 2299; x_wconf 86' lang='lat' dir='ltr'>funeraverit,</span> <span class='ocrx_word' id='word_1_170' title='bbox 945 2214 1108 2281; x_wconf 85' lang='lat' dir='ltr'>funeraria</span> 
     </span>
     <span class='ocr_line' id='line_1_23' title="bbox 95 2303 1109 2388; baseline -0.001 -19"><span class='ocrx_word' id='word_1_171' title='bbox 95 2305 221 2371; x_wconf 89' lang='lat' dir='ltr'>actione</span> <span class='ocrx_word' id='word_1_172' title='bbox 253 2305 303 2369; x_wconf 91' lang='lat' dir='ltr'>uti</span> <span class='ocrx_word' id='word_1_173' title='bbox 335 2326 402 2369; x_wconf 91' lang='lat' dir='ltr'>non</span> <span class='ocrx_word' id='word_1_174' title='bbox 433 2305 567 2388; x_wconf 89' lang='lat' dir='ltr'>poterit,</span> <span class='ocrx_word' id='word_1_175' title='bbox 600 2303 676 2388; x_wconf 90' lang='lat' dir='ltr'>quia</span> <span class='ocrx_word' id='word_1_176' title='bbox 706 2325 772 2368; x_wconf 93' lang='lat' dir='ltr'>non</span> <span class='ocrx_word' id='word_1_177' title='bbox 803 2304 865 2368; x_wconf 93' lang='lat' dir='ltr'>hoc</span> <span class='ocrx_word' id='word_1_178' title='bbox 896 2303 1005 2370; x_wconf 88' lang='lat' dir='ltr'>animo</span> <span class='ocrx_word' id='word_1_179' title='bbox 1035 2305 1109 2370; x_wconf 88' lang='lat' dir='ltr'>fecit</span> 
     </span>
     <span class='ocr_line' id='line_1_24' title="bbox 94 2391 1109 2478; baseline 0 -19"><span class='ocrx_word' id='word_1_180' title='bbox 94 2395 188 2478; x_wconf 89' lang='lat' dir='ltr'>quasi</span> <span class='ocrx_word' id='word_1_181' title='bbox 216 2393 357 2458; x_wconf 88' lang='lat' dir='ltr'>alienum</span> <span class='ocrx_word' id='word_1_182' title='bbox 385 2394 553 2477; x_wconf 83' lang='lat' dir='ltr'>negotium</span> <span class='ocrx_word' id='word_1_183' title='bbox 582 2413 706 2477; x_wconf 86' lang='lat' dir='ltr'>gerens.</span> <span class='ocrx_word' id='word_1_184' title='bbox 753 2394 786 2455; x_wconf 90' lang='lat' dir='ltr'>et</span> <span class='ocrx_word' id='word_1_185' title='bbox 810 2391 857 2456; x_wconf 89' lang='lat' dir='ltr'>ita</span> <span class='ocrx_word' id='word_1_186' title='bbox 880 2391 1056 2459; x_wconf 86' lang='lat' dir='ltr'>Trebatius</span> <span class='ocrx_word' id='word_1_187' title='bbox 1079 2395 1109 2458; x_wconf 88' lang='lat' dir='ltr'>et</span> 
     </span>
     <span class='ocr_line' id='line_1_25' title="bbox 93 2482 396 2566; baseline -0.007 -19"><span class='ocrx_word' id='word_1_188' title='bbox 93 2482 249 2549; x_wconf 89' lang='lat' dir='ltr'>Proculus</span> <span class='ocrx_word' id='word_1_189' title='bbox 272 2486 396 2566; x_wconf 79' lang='lat' dir='ltr'>putant.</span> 
     </span>
    </p>

    <p class='ocr_par' dir='ltr' id='par_1_7' title="bbox 503 2568 698 2652">
     <span class='ocr_line' id='line_1_26' title="bbox 503 2568 698 2652; baseline -0.005 -18"><span class='ocrx_word' id='word_1_190' title='bbox 503 2568 553 2634; x_wconf 91' lang='lat' dir='ltr'>De</span> <span class='ocrx_word' id='word_1_191' title='bbox 568 2569 698 2652; x_wconf 79' lang='lat' dir='ltr'>peculio.</span> 
     </span>
    </p>
   </div>
   <div class='ocr_carea' id='block_1_7' title="bbox 94 2681 1107 3300">
    <p class='ocr_par' dir='ltr' id='par_1_8' title="bbox 94 2681 1107 3300">
     <span class='ocr_line' id='line_1_27' title="bbox 184 2681 1106 2767; baseline 0 -16"><span class='ocrx_word' id='word_1_192' title='bbox 184 2688 212 2751; x_wconf 89' lang='lat'>8.</span> <span class='ocrx_word' id='word_1_193' title='bbox 236 2686 275 2751; x_wconf 90' lang='lat' dir='ltr'>D.</span> <span class='ocrx_word' id='word_1_194' title='bbox 288 2684 338 2767; x_wconf 86' lang='lat'>15,</span> <span class='ocrx_word' id='word_1_195' title='bbox 349 2684 378 2767; x_wconf 88' lang='lat'>1,</span> <span class='ocrx_word' id='word_1_196' title='bbox 387 2685 430 2749; x_wconf 85' lang='lat'>30</span> <span class='ocrx_word' id='word_1_197' title='bbox 438 2706 485 2767; x_wconf 90' lang='lat' dir='ltr'>pr.</span> <span class='ocrx_word' id='word_1_198' title='bbox 532 2681 691 2767; x_wconf 85' lang='lat' dir='ltr'>Ulpianus</span> <span class='ocrx_word' id='word_1_199' title='bbox 715 2683 798 2747; x_wconf 88' lang='lat' dir='ltr'>libro</span> <span class='ocrx_word' id='word_1_200' title='bbox 822 2682 999 2750; x_wconf 84' lang='lat' dir='ltr'>vicensimo</span> <span class='ocrx_word' id='word_1_201' title='bbox 1023 2706 1106 2750; x_wconf 87' lang='lat' dir='ltr'>none</span> 
     </span>
     <span class='ocr_line' id='line_1_28' title="bbox 94 2770 1106 2858; baseline -0.001 -19"><span class='ocrx_word' id='word_1_202' title='bbox 94 2776 134 2840; x_wconf 87' lang='lat' dir='ltr'>ad</span> <span class='ocrx_word' id='word_1_203' title='bbox 157 2774 295 2838; x_wconf 90' lang='lat' dir='ltr'>edictum</span> <span class='ocrx_word' id='word_1_204' title='bbox 316 2773 365 2858; x_wconf 79' lang='lat' dir='ltr'>(P.</span> <span class='ocrx_word' id='word_1_205' title='bbox 376 2770 465 2857; x_wconf 83' lang='grc'><strong>861).</strong></span> <span class='ocrx_word' id='word_1_206' title='bbox 487 2809 525 2819; x_wconf 89' lang='lat'>—</span> <span class='ocrx_word' id='word_1_207' title='bbox 547 2772 734 2848; x_wconf 80' lang='lat' dir='ltr'>Quaesitum</span> <span class='ocrx_word' id='word_1_208' title='bbox 754 2776 812 2855; x_wconf 86' lang='lat' dir='ltr'>est,</span> <span class='ocrx_word' id='word_1_209' title='bbox 830 2794 877 2836; x_wconf 88' lang='lat' dir='ltr'>an</span> <span class='ocrx_word' id='word_1_210' title='bbox 895 2776 1006 2838; x_wconf 86' lang='lat' dir='ltr'>teneat</span> <span class='ocrx_word' id='word_1_211' title='bbox 1024 2775 1106 2839; x_wconf 87' lang='lat' dir='ltr'>actio</span> 
     </span>
     <span class='ocr_line' id='line_1_29' title="bbox 95 2861 1107 2946; baseline -0.001 -19"><span class='ocrx_word' id='word_1_212' title='bbox 95 2863 134 2927; x_wconf 90' lang='lat' dir='ltr'>de</span> <span class='ocrx_word' id='word_1_213' title='bbox 156 2862 296 2945; x_wconf 89' lang='lat' dir='ltr'>peculio,</span> <span class='ocrx_word' id='word_1_214' title='bbox 324 2862 450 2925; x_wconf 90' lang='lat' dir='ltr'>etiamsi</span> <span class='ocrx_word' id='word_1_215' title='bbox 474 2861 555 2925; x_wconf 91' lang='lat' dir='ltr'>nihil</span> <span class='ocrx_word' id='word_1_216' title='bbox 579 2862 622 2925; x_wconf 92' lang='lat' dir='ltr'>sit</span> <span class='ocrx_word' id='word_1_217' title='bbox 644 2862 679 2924; x_wconf 92' lang='lat' dir='ltr'>in</span> <span class='ocrx_word' id='word_1_218' title='bbox 702 2862 828 2943; x_wconf 91' lang='lat' dir='ltr'>peculio</span> <span class='ocrx_word' id='word_1_219' title='bbox 853 2883 926 2925; x_wconf 92' lang='lat' dir='ltr'>cum</span> <span class='ocrx_word' id='word_1_220' title='bbox 949 2873 1107 2946; x_wconf 83' lang='lat' dir='ltr'>ageretur,</span> 
     </span>
     <span class='ocr_line' id='line_1_30' title="bbox 95 2949 1105 3038; baseline -0.001 -23"><span class='ocrx_word' id='word_1_221' title='bbox 95 2951 123 3016; x_wconf 91' lang='lat' dir='ltr'>si</span> <span class='ocrx_word' id='word_1_222' title='bbox 142 2951 237 3015; x_wconf 92' lang='lat' dir='ltr'>modo</span> <span class='ocrx_word' id='word_1_223' title='bbox 257 2951 301 3014; x_wconf 90' lang='lat' dir='ltr'>sit</span> <span class='ocrx_word' id='word_1_224' title='bbox 317 2951 364 3014; x_wconf 91' lang='lat' dir='ltr'>rei</span> <span class='ocrx_word' id='word_1_225' title='bbox 383 2950 541 3015; x_wconf 88' lang='lat' dir='ltr'>iudicatae</span> <span class='ocrx_word' id='word_1_226' title='bbox 555 2953 711 3032; x_wconf 87' lang='lat' dir='ltr'>tempore.</span> <span class='ocrx_word' id='word_1_227' title='bbox 747 2950 903 3015; x_wconf 88' lang='lat' dir='ltr'>Proculus</span> <span class='ocrx_word' id='word_1_228' title='bbox 918 2955 951 3015; x_wconf 89' lang='lat' dir='ltr'>et</span> <span class='ocrx_word' id='word_1_229' title='bbox 963 2949 1105 3038; x_wconf 81' lang='lat' dir='ltr'>Pegasus</span> 
     </span>
     <span class='ocr_line' id='line_1_31' title="bbox 94 3036 1106 3122; baseline -0.001 -18"><span class='ocrx_word' id='word_1_230' title='bbox 94 3039 197 3104; x_wconf 91' lang='lat' dir='ltr'>nihilo</span> <span class='ocrx_word' id='word_1_231' title='bbox 235 3040 341 3103; x_wconf 88' lang='lat' dir='ltr'>minus</span> <span class='ocrx_word' id='word_1_232' title='bbox 377 3036 503 3104; x_wconf 81' lang='lat' dir='ltr'>tenere1</span> <span class='ocrx_word' id='word_1_233' title='bbox 540 3038 643 3121; x_wconf 82' lang='lat' dir='ltr'>aiunt3</span> <span class='ocrx_word' id='word_1_234' title='bbox 679 3037 857 3103; x_wconf 90' lang='lat' dir='ltr'>intenditur</span> <span class='ocrx_word' id='word_1_235' title='bbox 894 3039 981 3103; x_wconf 91' lang='lat' dir='ltr'>enim</span> <span class='ocrx_word' id='word_1_236' title='bbox 1014 3043 1106 3122; x_wconf 89' lang='lat' dir='ltr'>recte,</span> 
     </span>
     <span class='ocr_line' id='line_1_32' title="bbox 95 3127 1104 3211; baseline -0.001 -18"><span class='ocrx_word' id='word_1_237' title='bbox 95 3128 224 3194; x_wconf 89' lang='lat' dir='ltr'>etiamsi</span> <span class='ocrx_word' id='word_1_238' title='bbox 256 3128 338 3191; x_wconf 93' lang='lat' dir='ltr'>nihil</span> <span class='ocrx_word' id='word_1_239' title='bbox 371 3128 414 3193; x_wconf 92' lang='lat' dir='ltr'>sit</span> <span class='ocrx_word' id='word_1_240' title='bbox 446 3130 481 3191; x_wconf 94' lang='lat' dir='ltr'>in</span> <span class='ocrx_word' id='word_1_241' title='bbox 512 3128 647 3211; x_wconf 85' lang='lat' dir='ltr'>peculio.</span> <span class='ocrx_word' id='word_1_242' title='bbox 698 3127 784 3191; x_wconf 89' lang='lat' dir='ltr'>idem</span> <span class='ocrx_word' id='word_1_243' title='bbox 812 3132 845 3191; x_wconf 85' lang='lat' dir='ltr'>et</span> <span class='ocrx_word' id='word_1_244' title='bbox 874 3127 960 3193; x_wconf 88' lang='lat' dir='ltr'>circa</span> <span class='ocrx_word' id='word_1_245' title='bbox 988 3129 1030 3194; x_wconf 92' lang='lat' dir='ltr'>ad</span> <span class='ocrx_word' id='word_1_246' title='bbox 1057 3149 1104 3193; x_wconf 82' lang='lat' dir='ltr'>ex·</span> 
     </span>
     <span class='ocr_line' id='line_1_33' title="bbox 94 3216 814 3300; baseline -0.003 -18"><span class='ocrx_word' id='word_1_247' title='bbox 94 3218 271 3282; x_wconf 89' lang='lat' dir='ltr'>hibendum</span> <span class='ocrx_word' id='word_1_248' title='bbox 295 3222 327 3280; x_wconf 88' lang='lat' dir='ltr'>et</span> <span class='ocrx_word' id='word_1_249' title='bbox 350 3217 384 3279; x_wconf 94' lang='lat' dir='ltr'>in</span> <span class='ocrx_word' id='word_1_250' title='bbox 407 3238 474 3280; x_wconf 90' lang='lat' dir='ltr'>rem</span> <span class='ocrx_word' id='word_1_251' title='bbox 499 3216 658 3280; x_wconf 89' lang='lat' dir='ltr'>actionem</span> <span class='ocrx_word' id='word_1_252' title='bbox 682 3216 814 3300; x_wconf 89' lang='lat' dir='ltr'>placuit.</span> 
     </span>
    </p>
   </div>
   <div class='ocr_carea' id='block_1_8' title="bbox 95 3301 1103 3480">
    <p class='ocr_par' dir='ltr' id='par_1_9' title="bbox 95 3301 1103 3480">
     <span class='ocr_line' id='line_1_34' title="bbox 185 3301 1103 3390; baseline -0.002 -20"><span class='ocrx_word' id='word_1_253' title='bbox 185 3306 214 3371; x_wconf 89' lang='grc'>9.</span> <span class='ocrx_word' id='word_1_254' title='bbox 237 3304 277 3369; x_wconf 94' lang='lat' dir='ltr'>D.</span> <span class='ocrx_word' id='word_1_255' title='bbox 295 3306 345 3387; x_wconf 89' lang='lat'>14,</span> <span class='ocrx_word' id='word_1_256' title='bbox 354 3307 384 3387; x_wconf 78' lang='grc' dir='ltr'>ὃ,</span> <span class='ocrx_word' id='word_1_257' title='bbox 393 3306 424 3388; x_wconf 85' lang='grc'>4,</span> <span class='ocrx_word' id='word_1_258' title='bbox 434 3304 463 3369; x_wconf 82' lang='grc'>5.</span> <span class='ocrx_word' id='word_1_259' title='bbox 508 3304 599 3368; x_wconf 88' lang='lat' dir='ltr'>Idem</span> <span class='ocrx_word' id='word_1_260' title='bbox 622 3303 679 3388; x_wconf 88' lang='lat' dir='ltr'>(sc.</span> <span class='ocrx_word' id='word_1_261' title='bbox 695 3301 869 3390; x_wconf 89' lang='lat' dir='ltr'>Ulpianus)</span> <span class='ocrx_word' id='word_1_262' title='bbox 894 3303 980 3370; x_wconf 87' lang='lat' dir='ltr'>libro</span> <span class='ocrx_word' id='word_1_263' title='bbox 1004 3306 1103 3370; x_wconf 87' lang='lat' dir='ltr'>vicen·</span> 
     </span>
     <span class='ocr_line' id='line_1_35' title="bbox 95 3389 1101 3480; baseline -0.004 -20"><span class='ocrx_word' id='word_1_264' title='bbox 95 3397 177 3460; x_wconf 92' lang='lat' dir='ltr'>simo</span> <span class='ocrx_word' id='word_1_265' title='bbox 203 3416 290 3460; x_wconf 93' lang='lat' dir='ltr'>nono</span> <span class='ocrx_word' id='word_1_266' title='bbox 315 3394 354 3457; x_wconf 94' lang='lat' dir='ltr'>ad</span> <span class='ocrx_word' id='word_1_267' title='bbox 378 3394 517 3458; x_wconf 88' lang='lat' dir='ltr'>edictum</span> <span class='ocrx_word' id='word_1_268' title='bbox 542 3389 591 3478; x_wconf 80' lang='lat' dir='ltr'>(P.</span> <span class='ocrx_word' id='word_1_269' title='bbox 607 3389 695 3478; x_wconf 80' lang='grc'><strong>871).</strong></span> <span class='ocrx_word' id='word_1_270' title='bbox 719 3392 817 3457; x_wconf 89' lang='lat' dir='ltr'>—Is</span> <span class='ocrx_word' id='word_1_271' title='bbox 841 3392 959 3478; x_wconf 91' lang='lat' dir='ltr'>quide</span> <span class='ocrx_word' id='word_1_272' title='bbox 982 3393 1101 3480; x_wconf 90' lang='lat' dir='ltr'>peculio</span> 
     </span>
    </p>
   </div>
   <div class='ocr_carea' id='block_1_9' title="bbox 167 3552 365 3607">
    <p class='ocr_par' dir='ltr' id='par_1_10' title="bbox 167 3552 365 3607">
     <span class='ocr_line' id='line_1_36' title="bbox 167 3552 365 3607; baseline 0 -1"><span class='ocrx_word' id='word_1_273' title='bbox 167 3559 181 3606; x_wconf 94' lang='lat'>1</span> <span class='ocrx_word' id='word_1_274' title='bbox 204 3552 250 3607; x_wconf 83' lang='lat' dir='ltr'>Fl.</span> <span class='ocrx_word' id='word_1_275' title='bbox 268 3552 365 3606; x_wconf 86' lang='lat' dir='ltr'>teneri.</span> 
     </span>
    </p>
   </div>
   <div class='ocr_carea' id='block_1_10' title="bbox 0 0 1216 3976">
    <p class='ocr_par' dir='ltr' id='par_1_11' title="bbox 0 0 1216 3976">
     <span class='ocr_line' id='line_1_37' title="bbox 0 0 1216 3976; baseline 0 0"><span class='ocrx_word' id='word_1_276' title='bbox 0 0 1216 3976; x_wconf 95' lang='lat' dir='ltr'> </span> 
     </span>
    </p>
   </div>
  </div>
 </body>
</html>
