2460 3976
102 114 167 178 242
188 113 233 169 IV.
249 110 465 166 VESPASIANI
479 109 553 165 ΤΙΤΙ
568 109 765 166 DOMITIANI
778 109 887 166 TEMP.
901 108 1000 167 IURIS
1014 110 1118 168 CONS.

102 278 346 360 comparantem
379 296 445 340 non
477 274 579 340 teneri
608 295 666 338 neo
694 296 766 339 eum
794 273 850 358 qni
877 274 964 341 dono
993 274 1120 360 accepit

104 366 155 429 rel
179 365 229 429 oui
253 385 305 428 res
328 366 438 449 legate
461 367 519 428 eat.
560 362 615 428 sed
704 361 843 428 Viviano
867 362 997 429 videtur
1019 364 1118 429 etiam

103 455 164 519 hos
187 453 305 535 teneri,
332 474 373 517 ne
397 456 517 536 metus,
544 474 639 537 quem
661 473 779 536 passus
803 474 889 532 sum,
912 453 996 518 mihi
1020 453 1119 538 oapu‘·

102 564 177 607 osus
201 542 253 607 sit.

196 701 258 784 Qui
280 702 445 767 arbitrium
467 702 646 785 receperim,
667 705 703 765 ct
724 701 906 766 seutentiam
928 702 1042 768 dicrum

192 832 228 892 cf.
247 831 359 891 Iuliani
381 831 491 891 librum
514 830 559 889 IV
581 831 613 890 P.
629 831 768 891 59-68.

191 935 221 1000 2.
252 932 292 998 D.
309 934 340 1016 4,
355 933 386 1016 8,
399 933 451 1011 21,
467 935 517 999 11.
568 929 728 1016 Ulpianus
755 932 839 997 libro
867 933 965 998 tertio
994 933 1116 1000 decimo

103 1023 143 1087 ad
171 1023 310 1088 edietum
340 1018 389 1107 (P.
406 1021 497 1108 460).
525 1056 561 1066 -
589 1071 623 1085 ..
651 1021 679 1085 si
706 1019 740 1084 in
769 1021 910 1105 aliquem
937 1022 1047 1088 locum
1073 1022 1115 1088 iu·

103 1113 277 1178 honestum
296 1110 409 1176 adesse
427 1110 560 1175 iusserit
578 1107 635 1196 (sc.
649 1105 794 1197 arbiter),
812 1113 893 1193 puta
909 1110 945 1175 in
962 1112 1115 1197 popinam

102 1201 153 1266 rel
177 1200 212 1264 in
232 1199 446 1284 lupanarium,
469 1203 505 1263 ut
523 1197 682 1263 Virianus
702 1199 758 1281 eit,
781 1198 848 1263 sine
868 1199 967 1266 dubio
987 1201 1115 1285 impune

103 1291 132 1354 ei
156 1311 223 1355 non
245 1287 421 1372 parebitur.

191 1383 340 1458 Ulpianus
372 1382 470 1442 addit:
503 1376 605 1459 ‘quam
638 1381 819 1441 sententiam
849 1385 881 1440 et
908 1380 1016 1444 Celsus
1044 1383 1116 1443 libro

104 1472 233 1532 seeundo
256 1471 452 1549 Digestorum
475 1465 606 1548 probat'.

197 1629 316 1690 Nactae
338 1648 482 1705 caupones
503 1631 660 1691 stabularii
681 1635 714 1690 ai
735 1635 849 1705 recepto
870 1633 1034 1694 restituerit.

193 1732 237 1796 3⁸.
268 1730 307 1798 D.
326 1732 358 1815 4,
375 1732 406 1810 9,
426 1733 454 1816 1,
474 1733 503 1796 6.
549 1730 709 1816 Ulpianus
737 1732 822 1798 libro
851 1737 968 1816 quarto
997 1733 1115 1800 decimo

105 1820 146 1885 ad
178 1820 318 1885 edictum
350 1817 399 1905 (P.
422 1817 526 1908 469⁸).
563 1857 599 1867 -
635 1821 692 1885 Ait
722 1825 866 1904 praetori
899 1818 999 1906 ‘quod
1033 1824 1114 1888 ouius

105 1909 231 1975 salvum
252 1909 321 1975 fore
339 1908 540 1994 receperint,
562 1910 624 1974 hoc
643 1914 693 1973 est
711 1931 946 1994 quamcumque
964 1932 1036 1976 rem
1056 1913 1116 1977 sira

105 2020 244 2062 mercem
272 1998 459 2083 receperint.
504 1998 578 2062 iude
602 1999 686 2081 apud
710 1998 885 2063 Viriauum
909 1999 1053 2066 relatum
1076 2001 1118 2066 est

107 2088 147 2152 ad
167 2110 221 2152 eas
236 2109 361 2173 quoque
376 2109 428 2152 res
443 2089 505 2152 hoc
520 2088 659 2152 edictum
674 2089 845 2173 pertinere,
864 2108 945 2172 quae
960 2090 1118 2155 mercibus

108 2176 310 2260 accederent,
343 2177 443 2240 veluti
475 2177 668 2241 vestimenta
701 2177 817 2260 quibus
845 2177 879 2240 in
905 2178 1046 2243 navibus
1074 2184 1120 2244 ut·

109 2287 235 2331 cremer
253 2271 286 2331 et
305 2270 412 2331 cetera
431 2286 512 2348 quae
532 2265 572 2329 ad
587 2264 800 2330 cottidianum
814 2287 907 2330 usum
922 2265 1122 2333 haberemus

105 2440 144 2494 IX
168 2370 226 2496 316³}
245 2370 391 2425 uterentur
471 2367 616 2424 habemus.
652 2370 759 2441 emereri(
769 2368 899 2424 Huschke
913 2370 946 2425 Z.
964 2372 992 2425 et.
1010 2371 1124 2429 Suu-Si

145 2481 152 2509 ,
222 2483 228 2495 .

195 2547 239 2615 3¹).
268 2550 306 2614 D.
324 2552 356 2631 4,
375 2551 405 2632 9,
423 2550 454 2629 4,
467 2551 498 2614 2.
543 2549 663 2614 Paulus
690 2550 772 2614 libro
800 2550 897 2614 tertio
926 2550 1054 2616 decimo
1086 2549 1128 2617 ad

107 2639 247 2702 edietum
261 2638 311 2724 (P.
326 2636 415 2723 256).
429 2675 473 2685 —
486 2636 645 2704 Vivianus
660 2639 741 2702 dixit
756 2639 855 2704 etiam
870 2638 910 2702 ad
926 2660 981 2703 eas
995 2661 1048 2704 res
1064 2642 1135 2705 hoo

107 2727 245 2791 edietum
265 2728 434 2809 pertinere,
453 2749 535 2809 quae
549 2733 623 2811 post
637 2727 807 2811 impositas
822 2749 944 2793 merces
958 2729 993 2792 in
1007 2751 1127 2795 navem

108 2817 295 2898 locatasque
318 2815 507 2901 inferentur,
530 2817 591 2880 etsi
615 2839 724 2881 earum
744 2819 876 2881 vectura
894 2838 962 2881 uon
979 2817 1126 2900 debetur,

107 2908 143 2967 ut
170 2905 449 2985 vestimentorum,
475 2904 605 2988 penoris
633 2904 815 2989 cottidiani,
843 2905 920 2989 quia
947 2905 1029 2973 haec
1051 2908 1123 2991 ipsa

107 2997 287 3060 ceterarum
310 3013 417 3056 rerum
440 2994 594 3059 locationi
619 2995 781 3059 accedunt.

432 3153 599 3236 Accepere
622 3153 795 3234 Aquilium.

196 3284 232 3342 ef.
251 3281 362 3341 Iuliani
385 3280 495 3341 librum
517 3283 670 3342 LXXXVI
692 3283 724 3343 P.
740 3285 925 3346 821-830.

196 3385 226 3450 4.
256 3382 371 3450 Collat.
393 3382 443 3466 12,
464 3386 492 3466 7,
511 3385 540 3450 8.
564 3383 603 3448 of.
617 3383 691 3468 Dig.
706 3386 736 3462 9,
751 3385 781 3467 2,
795 3385 847 3463 27,
864 3384 913 3450 10.
959 3384 1119 3469 Ulpianus

108 3473 192 3537 libro
217 3479 331 3538 octavo
356 3471 478 3537 decimo
502 3473 541 3538 ad
566 3472 707 3538 edictum
732 3471 781 3559 (P
796 3470 901 3560 bibl).
926 3510 963 3520 -
987 3524 1013 3539 ..
1037 3474 1119 3538 libro
