2422 3976
92 190 157 255 532
459 185 735 242 Aonrnnuuum.

94 354 189 418 debet
213 351 341 435 publico
364 349 482 416 iudioio
506 350 635 433 privata
656 350 781 414 actione
804 349 1022 433 praeiudicari
1041 350 1108 435 qui-

93 443 166 507 dam
189 443 314 525 putant

182 561 227 620 De
250 559 360 619 iudicio
382 558 504 634 publico
528 577 563 617 ex
585 560 652 637 lege
669 559 748 618 Iulia
766 558 803 617 de
822 559 852 618 vi
871 559 994 634 privata
1013 578 1106 620 sermo

94 655 148 712 est.
193 651 230 710 of.
250 649 286 709 D.
301 650 352 728 48,
368 651 397 708 7.

430 800 480 866 De
501 803 570 866 ime
593 803 768 886 taputomtm.

185 929 212 993 7.
232 927 271 992 D.
282 926 334 1008 50,
342 928 370 1005 7,
378 927 428 991 18.
441 924 639 1010 Pomponius
655 927 739 992 libro
754 926 950 1010 trigensimo
966 927 1101 1012 septimo

96 1019 135 1083 ad
156 1016 308 1093 Quintum
322 1013 473 1080 Mucium.
493 1052 531 1064 -
554 1061 584 1081 ..
604 1038 677 1080 eum
696 1016 751 1101 qui
769 1013 916 1100 legatum
934 1015 1104 1098 pulsasset,

96 1106 235 1183 Quintus
263 1103 389 1167 Mucius
418 1102 489 1167 dedi
518 1104 679 1188 hostibus,
709 1125 845 1187 quorum
873 1108 970 1168 erant
999 1104 1102 1188 legati,

96 1194 211 1260 solitus
231 1196 281 1257 est
298 1191 501 1276 respondere.
529 1214 623 1277 quem
641 1193 751 1257 hostes
771 1192 799 1256 si
818 1214 886 1256 non
901 1193 1101 1277 recepissent,

96 1281 279 1368 quaesitum
302 1284 360 1365 est,
383 1302 424 1344 an
448 1281 527 1346 civis
545 1281 711 1346 Romanus
730 1284 891 1346 maneret:
915 1282 1101 1365 quibusdam

96 1369 356 1436 existimantibus
379 1391 522 1453 manere,
546 1370 616 1434 aliis
641 1373 762 1435 eontra.
778 1418 809 1434 ..

185 1491 221 1553 of.
244 1484 261 1549 I
284 1510 312 1566 p.
334 1491 384 1552 34.

388 1698 418 1762 b.
451 1696 506 1761 Ad
529 1700 588 1762 ius
610 1699 816 1782 privatum.

433 1849 460 1887 u.
488 1827 538 1887 De
560 1828 639 1886 iure
663 1827 774 1887 civili.

467 1944 517 2010 De
540 1947 733 2011 testamentis.

332 2066 576 2140 Quemadmodum
599 2071 765 2127 testamento
787 2069 871 2140 pant.

186 2178 215 2241 8.
240 2175 310 2240 Gai.
327 2177 445 2256 2104.
472 2214 508 2222 -
606 2177 656 2239 his
681 2176 788 2241 verbis
811 2177 955 2242 familiae
980 2180 1091 2260 emptor

98 2267 213 2329 utitur:
232 2265 368 2328 ‘familia
385 2265 581 2348 pecuniaque
599 2269 656 2328 tua
672 2267 752 2330 endo
767 2267 987 2330 mandatelam
1002 2270 1089 2330 eusto-

97 2355 264 2437 delamque
284 2375 397 2431 meam,
416 2376 479 2437 quo
498 2361 533 2416 tu
553 2354 620 2417 iure
636 2359 864 2418 testamentum
879 2354 985 2419 faeere
999 2352 1090 2437 possis

99 2444 269 2507 seeundum
301 2444 405 2525 legem
433 2443 607 2524 publicam,
641 2443 700 2507 hoe
734 2444 827 2526 aere’,
852 2448 884 2507 et
913 2447 950 2507 ut
978 2443 1089 2528 quidam

98 2532 242 2596 adioiunt
265 2531 437 2614 ‘aeneaque
461 2531 554 2613 libra,
578 2534 647 2595 esto
672 2531 751 2595 mihi
775 2532 906 2615 empta’.

247 2715 293 2772 De
311 2715 453 2786 postumae
475 2715 657 2772 tmstttuemtts
678 2716 723 2772 eet
746 2716 960 2775 mteredumdts.

187 2831 216 2894 9.
249 2831 287 2896 D.
307 2833 365 2914 28,
385 2834 419 2914 2,
439 2832 495 2914 29,
516 2836 544 2896 1.
586 2831 742 2897 Scaevola
769 2835 855 2898 libro
885 2840 979 2898 sexto
1007 2832 1087 2908 Quae

98 2921 248 2983 stionum.
274 2957 315 2967 —
342 2922 460 3004 (Gallus
489 2925 530 2984 sie
552 2944 639 3001 posse
663 2927 781 2986 institui
805 2931 961 3002 postumus
985 2927 1085 3002 nepotes

98 3013 227 3071 induxit:
256 3008 294 3072 ‘si
321 3013 398 3073 filius
427 3033 510 3073 meus
538 3015 606 3073 vivo
634 3035 681 3074 me
708 3016 867 3092 morietur,
894 3020 967 3075 tuno
993 3011 1086 3089 siquis

97 3102 172 3160 mihi
195 3121 230 3160 ex
254 3120 288 3160 eo
310 3121 403 3178 nepos
427 3103 490 3162 sivo
513 3122 589 3178 quae
612 3104 710 3179 neptis
728 3108 797 3180 post
817 3110 944 3164 mortem
961 3099 1086 3164 meamiss

98 3191 199 3249 decem
226 3191 378 3250 mensibus
406 3191 558 3267 proximis,
588 3192 695 3268 quibus
721 3193 800 3252 filius
825 3214 909 3253 meus
933 3194 1086 3260 moreretur,

97 3282 187 3338 natus
215 3282 287 3337 nata
315 3281 380 3357 erit,
409 3281 530 3338 heredes
559 3274 682 3362 sunto'.)
725 3276 863 3352 Quidam
885 3327 914 3341 ..
940 3277 1085 3341 admitten-

98 3363 173 3425 dum
198 3364 339 3444 eredunt,
363 3363 491 3427 etiamsi
513 3385 579 3428 non
601 3365 760 3447 exprimat
779 3366 816 3429 de
835 3371 941 3431 morte
960 3366 1024 3446 filii,
1045 3355 1084 3424 sed

98 3450 288 3534 simpliciter
315 3453 473 3536 instituat,
496 3456 533 3516 ut
556 3475 593 3518 eo
617 3476 694 3518 casu
718 3456 834 3538 valeat,
858 3456 914 3539 qui
939 3478 976 3519 ex
998 3448 1083 3517 verbis
1132 3534 1134 3543 Ι

98 3540 223 3620 conoipi
246 3541 360 3623 possit.
1132 3548 1134 3567 '
