2422 3976
339 195 364 244 4.
383 188 413 243 0.
428 186 573 243 cassius
592 187 776 245 LONGINUS
1020 191 1062 255 63

144 353 217 418 106.
245 351 316 417 Gai.
334 352 365 432 4,
385 352 458 416 114.
481 387 526 398 -
549 349 701 435 Superest
727 357 765 417 ut
787 352 1007 437 dispiciamus,
1035 355 1064 419 si

76 445 133 506 ante
153 464 222 506 rem
246 440 421 505 iudicatam
439 441 467 504 is
488 462 561 505 oum
581 461 644 525 quo
664 441 779 525 agitur,
802 446 877 525 post
896 446 1063 526 acceptum

74 527 207 595 iudicium
240 529 422 595 satisfaciat
454 530 568 609 actori,
600 528 676 613 quid
709 529 815 594 officio
847 529 961 595 iudicis
988 552 1063 596 con·

73 619 171 704 veniat,
193 622 304 683 utrum
328 618 496 683 absolvere
520 640 561 682 an
585 618 656 682 ideo
674 619 784 702 potius
804 618 965 701 damnare,
986 620 1063 704 quia

71 705 162 773 iudicii
186 706 365 791 accipiendi
388 710 534 789 tempore
557 706 591 770 in
614 728 653 770 ea
676 729 772 771 causa
790 706 896 788 fuerit,
920 711 957 772 ut
975 708 1062 773 dam·

70 797 124 860 rari
141 796 265 861 debeat.
302 794 407 859 nostri
425 798 649 879 praeceptores
669 795 834 860 absolvere
854 818 927 861 eum
946 797 1061 862 debera

69 885 247 963 existimant,
269 905 329 949 nec
350 883 505 948 interesse
524 884 615 948 ouius
634 885 759 968 generis
779 885 824 948 sit
840 883 1006 972 iudicium3
1030 890 1064 951 et

68 970 115 1039 hoc
140 977 191 1039 est
219 972 304 1056 quod
332 973 430 1057 vulgo
458 971 574 1037 dicitur
596 969 717 1036 Sabino
743 975 776 1036 et
799 970 912 1038 Cassio
934 975 1061 1058 plaeere

67 1064 159 1127 onnia
182 1061 303 1127 iudicia
325 1061 526 1126 absolutoria
549 1082 627 1126 esse.

362 1281 412 1348 Dc
434 1283 469 1347 in
492 1303 557 1348 rem
579 1281 757 1347 actionibus.

140 1408 215 1473 107.
252 1405 290 1472 D.
313 1407 367 1492 44,
391 1408 420 1490 7,
442 1406 541 1490 35pr.
595 1406 684 1470 Idem
720 1403 778 1494 (sc.
810 1404 945 1492 Paulus)
978 1407 1062 1473 libro

59 1497 153 1578 primo
184 1496 226 1560 ad
252 1496 391 1561 edictum
413 1496 573 1580 praetoris
596 1492 646 1581 (P.
661 1491 728 1582 84).
753 1533 794 1540 -
818 1494 856 1559 In
880 1495 1062 1561 honorariis

59 1585 233 1651 actionibus
262 1583 308 1648 sic
336 1606 406 1648 esse
433 1583 649 1649 definiendum
673 1582 804 1649 Cassius
834 1585 893 1667 ait,
920 1589 957 1649 ut
979 1607 1062 1670 quaa

10 1718 12 1723 -
57 1674 94 1739 rei
127 1672 388 1758 persecutionem
419 1673 574 1758 babeant,
610 1674 671 1738 hae
704 1675 802 1737 etiam
834 1678 909 1757 post
941 1695 1062 1738 annum

56 1761 216 1844 darentur,
253 1765 378 1826 ceterae
410 1761 496 1826 intra
533 1783 663 1826 annum.
717 1762 910 1827 honorariae
942 1770 1062 1848 autem,

56 1872 129 1936 quae
153 1854 232 1936 post
255 1871 374 1914 annum
396 1872 463 1915 non
486 1850 612 1933 dantur,
634 1871 693 1914 neo
715 1851 750 1914 in
768 1850 918 1916 heredem
938 1851 1062 1916 dandae

54 1944 135 2023 sunt,
168 1942 208 2004 ut
233 1942 343 2002 tamen
371 1940 495 2003 lucrum
522 1939 551 2003 ei
579 1942 819 2022 extorqueatur,
851 1938 934 2004 sicut
961 1940 1000 2003 fit
1027 1942 1063 2004 in

54 2031 177 2093 actione
206 2027 272 2092 doli
300 2027 378 2091 mali
406 2032 439 2091 et
465 2027 636 2092 interdicto
665 2028 747 2092 unde
776 2029 807 2091 vi
836 2035 868 2091 et
891 2028 1060 2092 similibus.

137 2147 205 2208 Gai.
227 2151 257 2224 4,
284 2151 354 2208 110.
503 2147 682 2206 admonendi
715 2167 818 2207 sumus
855 2166 905 2208 eas
942 2148 1063 2225 quidem

53 2239 180 2298 actiones
209 2257 286 2314 quae
314 2256 351 2296 ex
377 2236 443 2315 lego
471 2239 629 2295 senatusue
654 2237 797 2296 consultis
820 2237 1060 2313 proficiscuntur,

51 2328 194 2404 perpetuo
224 2327 320 2386 solere
347 2327 517 2401 praetorem
544 2325 778 2404 accommodare,
808 2344 858 2384 eas
885 2344 959 2385 vero
983 2345 1060 2402 quae

51 2432 80 2474 ox
106 2415 235 2492 propria
260 2414 355 2492 ipsius
382 2413 588 2472 iurisdictione
611 2413 753 2489 pendant,
780 2415 956 2491 plerumque
979 2415 1061 2473 intra

51 2520 158 2563 annum
182 2502 268 2582 dare,
296 2502 457 2579 aliqnando
479 2503 581 2561 tamen
603 2497 656 2580 <ot
678 2507 821 2579 perpetuo
845 2522 896 2562 eas
920 2502 981 2578 dat,
1006 2502 1060 2560 sei·

50 2590 117 2651 licet
142 2589 233 2669 oum>
256 2591 393 2651 imitatur
414 2590 463 2650 ius
486 2590 663 2668 legitimum,
688 2592 794 2668 quales
818 2595 963 2650 sunteas
987 2610 1062 2669 quas

50 2679 196 2741 bonorum
226 2680 449 2755 possessoribus
477 2679 644 2756 ceterisque
672 2680 724 2756 qui
751 2680 869 2740 heredis
897 2681 961 2740 loco
990 2683 1062 2740 sunt

51 2768 263 2830 accommodat.

372 2903 416 2957 De
432 2903 590 2957 hereditatio
604 2903 743 2971 petitione.

138 3011 212 3076 108.
246 3009 284 3075 D.
304 3010 334 3093 5,
354 3011 384 3094 3,
404 3012 455 3089 13,
473 3012 503 3075 4.
556 3011 646 3075 Idem
680 3009 736 3095 (so.
765 3010 941 3098 Ulpianus)
974 3013 1059 3077 libro

50 3101 162 3183 quinto
192 3099 317 3164 decimo
347 3100 387 3164 ad
414 3099 553 3164 edictum
578 3098 626 3186 (P.
641 3098 732 3184 512).
754 3137 798 3148 —
821 3101 906 3177 Quid
934 3101 961 3166 si
988 3101 1060 3185 quis

49 3186 261 3254 hereditatem
289 3188 416 3272 emerit,
443 3210 485 3252 an
514 3189 602 3253 utilis
629 3188 663 3252 in
691 3211 762 3254 eum
791 3190 907 3272 petitio
936 3189 1062 3253 heredi·

50 3280 120 3342 tans
162 3276 295 3341 deberat
332 3276 414 3361 dari,
453 3298 493 3339 ne
530 3277 667 3362 singulis
704 3278 831 3342 iudiciis
868 3276 1061 3343 vexaretur?

51 3367 250 3431 venditorem
285 3365 371 3429 enim
402 3365 506 3429 teneri
538 3371 660 3430 eertum
693 3373 756 3450 est3
793 3367 848 3431 sed
880 3367 965 3449 finge
997 3385 1062 3427 non

53 3459 158 3519 extare
195 3453 399 3519 venditorem
435 3454 486 3517 vel
521 3454 647 3518 modico
680 3455 862 3520 vendidisse
895 3458 927 3518 et
959 3454 1061 3517 bonae

53 3542 122 3607 fidei
150 3564 372 3628 possessorem
399 3541 514 3607 fuisse:
548 3564 588 3607 an
615 3543 742 3627 porrigi
769 3564 884 3607 manus
912 3541 952 3604 ad
976 3562 1060 3624 emp·
