2422 3976
94 194 163 259 540
462 190 741 249 ADDITAMENTA.

185 354 252 422 42?
279 355 320 421 D.
333 355 386 440 34,
399 356 431 440 4,
444 356 475 436 6,
489 356 519 421 2.
551 354 671 421 Paulus
696 354 780 420 libro
804 354 922 440 quinio
945 355 987 421 ad
1005 355 1112 443 legem

94 444 216 511 Iuliam
239 449 272 511 el
293 443 439 531 Papiam.
453 480 497 492 -
518 445 589 510 ..si
612 465 672 529 pro
694 443 794 510 fundo
817 443 929 510 decem
952 443 1110 531 legentur,

95 533 228 619 qnidam
251 536 368 619 pulani
388 555 455 599 non
478 554 549 599 esse
572 532 758 617 ademptum
779 532 870 617 prius
893 534 1052 620 legatum.

185 623 238 689 43.
265 621 304 687 D.
323 623 377 705 33,
395 623 426 708 l,
445 622 487 687 12
495 645 543 708 pr.
583 620 743 708 Ulpianus
770 620 855 687 libro
883 621 1042 688 vicesimo
1071 622 1110 687 ad

96 708 262 777 Sabinum.
272 746 317 759 -
328 710 518 787 Quaesitum
537 714 596 794 eol,
610 733 651 775 an
664 709 863 775 frumentum
877 711 966 796 quod
979 709 1108 777 cibariis

96 800 258 903 callorum
276 805 428 884 paratum
445 799 539 902 leret,
556 800 772 865 inslrumenlo
790 799 929 865 cederes
964 804 998 865 el
1014 799 1108 884 pluri·

95 908 158 954 mm
179 909 247 1042 1«llll
261 888 397 1042 lllllrlll
409 890 758 1042 q-u-mltleomlsdldrlddllld
778 975 885 1041 visum
904 979 957 1043 est
972 976 1106 1042 frumen-

96 1064 293 1219 lumtpnppiod
320 1065 444 1130 serendi
467 1085 566 1131 causa
588 1064 771 1149 depositum
793 1068 859 1150 esl,
889 1066 1105 1131 instrumento

95 1174 157 1219 ⁰⁰¹¹
352 1265 400 1325 Dc
421 1266 524 1328 domas
544 1267 734 1326 casamento
756 1266 856 1341 knuto.
884 1286 887 1291 ·

185 1375 238 1441 45.
274 1372 314 1441 D.
336 1374 412 1441 ibid
436 1375 525 1457 518.
546 1410 591 1423 —
613 1375 751 1441 Acelum
775 1396 917 1461 quoqne,
947 1376 1033 1463 quod
1055 1397 1101 1441 ex·

96 1463 284 1549 stinguendi
297 1463 437 1529 incendii
450 1485 549 1531 causa
561 1468 705 1549 paratur,
717 1465 798 1529 ilem
813 1468 970 1531 centones
983 1464 1102 1548 silenos,

96 1551 253 1636 [perticae
276 1573 403 1637 quoque
430 1558 463 1617 el
490 1553 610 1635 scalae]
637 1557 671 1619 el
693 1552 871 1619 formiones
893 1556 928 1618 ei
955 1553 1100 1640 spongias

95 1646 130 1705 et
152 1662 243 1706 amas
266 1644 300 1705 el
323 1662 437 1726 scopas
460 1641 620 1708 contineri
642 1641 864 1727 plerique
888 1641 992 1709 aiunt„

185 1732 222 1793 ef.
245 1732 324 1811 ns
347 1755 377 1811 p.
396 1736 469 1797 eos.

467 1894 516 1955 De
530 1912 613 1970 pecu
632 1895 734 1970 Docta

185 2004 238 2069 ce.
263 1970 304 2070 n.
319 2004 377 2088 33,
390 2004 426 2083 c,
439 2003 474 2090 5,
489 2005 518 2070 1.
558 2003 679 2069 Paulus
702 2005 785 2070 uero
809 2007 928 2090 quare
952 2006 993 2071 au
1016 2002 1095 2071 saei-

96 2114 184 2159 uum.
203 2129 245 2138 —
265 2142 295 2159 ..
316 2094 448 2178 quidam
469 2097 671 2178 negaverunt
693 2091 786 2178 piper
807 2097 842 2158 el
863 2094 1050 2181 ligusticum
1070 2096 1096 2158 el
1136 2094 1138 2099 ’

96 2203 225 2246 careum
250 2186 282 2246 ei
300 2182 385 2246 laser
404 2185 437 2246 el
456 2186 563 2247 celera
581 2181 767 2246 huiusmodi
785 2181 820 2246 in
839 2205 927 2267 penu
945 2206 1011 2249 non
1029 2203 1094 2248 esse.

183 2274 273 2334 Pauli
295 2276 386 2351 plena
408 2275 500 2336 verba
524 2278 607 2335 sunt:
631 2269 722 2352 ‘quod
745 2275 867 2354 quidam
958 2298 1018 2339 non
1034 2293 1093 2348 esse,

94 2363 299 2440 improbatum
322 2357 389 2425 esl'.

182 2457 236 2521 47.
255 2455 470 2540 Gell.4,1,2.
488 2455 648 2543 —Ligna
667 2478 792 2540 quoque
811 2461 844 2520 et
864 2457 976 2544 virgas
995 2462 1090 2523 elcar-

94 2545 196 2608 bones
225 2542 341 2629 quibus
370 2544 579 2611 conficeretur
606 2568 721 2630 penus,
754 2545 949 2629 quibusdam
978 2548 1023 2612 ail
1047 2543 1090 2630 (sc.

93 2630 257 2697 Masurius
282 2631 436 2721 Sabinus)
459 2635 561 2698 videri
584 2655 653 2698 esse
676 2634 710 2698 in
732 2656 826 2718 penu.

182 2722 248 2786 48?
262 2720 301 2786 D.
316 2721 370 2808 35,
383 2723 413 2806 2,
425 2727 453 2804 1,
463 2724 493 2789 8.
525 2722 644 2787 Paulus
661 2722 746 2787 libro
766 2723 926 2808 singulari
946 2725 986 2789 ad
1000 2726 1086 2807 legen

93 2807 279 2876 Falcidiam.
299 2847 341 2858 -
366 2813 451 2877 ..si
478 2812 525 2876 ila
551 2811 696 2896 legatum
719 2811 762 2876 sil
789 2811 895 2878 ‘heres
920 2835 1010 2878 meus
1031 2808 1087 2876 Seio
1136 2812 1138 2887 l

92 2918 212 2983 penum
245 2898 338 2982 dal03
374 2900 402 2963 si
435 2922 502 2966 non
535 2899 671 2984 dederit,
703 2900 811 2965 decem
845 2900 944 2987 dalo',
976 2900 1086 2987 quidam

92 2989 211 3069 pulanl
233 2987 420 3053 omnimodo
442 2989 476 3053 in
498 2989 607 3073 legato
626 2988 734 3053 decem
754 3010 837 3074 esse,
859 3012 981 3074 penum
999 2993 1086 3055 auum

92 3074 208 3226 portis
231 3097 329 3141 causa
351 3078 423 3162 capi
446 3098 505 3142 nec
527 3079 561 3141 in
586 3077 763 3142 Falcidiam
785 3078 949 3164 imputare
967 3081 999 3143 id
1016 3077 1085 3142 here-

115 3185 166 3226 em
189 3185 293 3247 posse.

450 3260 498 3318 De
519 3261 619 3319 ovibus
642 3261 751 3334 leuatis.

180 3367 233 3431 49.
256 3366 295 3432 D.
310 3368 364 3450 32,
378 3367 431 3451 81,
443 3370 475 3434 4.
511 3368 713 3434 Modestinus
735 3370 819 3434 libro
842 3393 930 3438 nono
949 3370 1084 3438 Differen-

91 3454 221 3519 tiarum.
240 3493 282 3502 -
307 3457 426 3522 Ovibus
453 3457 570 3542 legalis
598 3479 701 3542 neque
730 3479 831 3544 agnos
861 3482 965 3547 neque
987 3459 1083 3524 ariete

92 3544 251 3607 contineri
275 3546 403 3628 quidam
427 3595 456 3611 ..
480 3546 676 3612 existimant.
