2422 3976
384 201 409 252 4.
429 197 457 252 (t.
473 195 619 251 casales
638 194 825 251 LONGINUS
1069 196 1112 262 53

101 358 169 443 fuit,
194 357 328 424 Servius
351 358 465 423 scribit
486 380 611 424 moram
635 380 707 423 eum
730 359 894 424 libertatis
917 381 1049 443 pessum
1073 361 1114 424 ob

100 448 158 512 hoc
186 449 310 533 ipsum,
338 447 424 532 quod
452 448 482 512 ei
509 448 631 533 aliquid
659 469 696 511 cx
722 449 848 512 ratione
876 447 1037 513 dominica
1065 447 1115 513 de-

100 537 230 600 beretur
249 557 309 601 nec
327 537 357 600 ei
376 537 415 600 ab
433 535 549 600 herede
563 540 790 621 praestaretur,
809 559 905 620 quam
920 537 1115 602 sententiam

99 630 129 690 et
156 624 268 690 Labeo
300 624 428 708 probat.
477 624 561 689 idem
591 624 720 690 Servius
752 626 870 709 probat
897 630 930 690 et
957 626 985 690 si
1013 627 1048 690 in
1076 647 1113 691 eo

98 735 227 778 moram
250 713 351 778 faciat
374 713 477 797 heres,
500 715 585 798 quod
608 714 691 778 nolit
713 714 839 799 exigere
863 737 883 778 a
901 714 1113 797 debitoribus,

99 825 175 866 nam
200 805 431 886 perventurum
455 802 495 866 ad
519 802 703 866 libertatem
728 803 775 867 ait
863 824 935 867 cum
958 850 984 868 ..
1004 824 1115 868 veram

98 896 254 975 putemus
287 891 480 955 sententiam
514 888 618 975 Servi,
653 891 819 956 videamus
852 913 893 955 an
925 896 958 955 et
989 892 1017 955 si
1048 913 1115 956 non

97 980 198 1044 fuerit
211 980 357 1064 legatum
370 980 532 1063 peculium
546 1001 648 1064 servo,
664 979 748 1043 idem
763 979 879 1044 debeat
894 979 968 1064 dici3
987 983 1116 1045 constat

98 1068 188 1133 enim
207 1068 437 1133 statuliberum
456 1068 495 1132 de
513 1068 637 1152 peculio
656 1089 751 1152 posse
770 1067 846 1133 dare
864 1069 913 1132 vel
927 1068 991 1152 ipsi
1005 1068 1115 1132 heredi

97 1158 225 1222 iussum
256 1157 307 1221 vel
335 1156 404 1238 alii,
436 1161 469 1221 et
497 1158 524 1221 si
552 1179 624 1220 eum
653 1157 729 1221 dare
755 1156 922 1240 impediat,
950 1157 1115 1241 perveniet

99 1245 274 1310 statuliber
301 1245 341 1310 ad
368 1245 559 1312 libertatern.
606 1245 742 1330 denique
766 1246 865 1310 etiam
888 1244 1020 1309 remedii
1043 1246 1114 1310 loco

99 1335 161 1399 hoc
191 1337 394 1399 monstratur
422 1333 550 1398 domino
579 1334 773 1418 statuliberi,
800 1341 836 1398 ut
864 1355 937 1398 eum
963 1338 1114 1398 extraneo

98 1423 225 1488 iussum
260 1421 336 1487 dare
369 1423 553 1506 prohibeat,
585 1444 625 1487 ne
658 1425 691 1487 et
721 1444 870 1487 nummos
901 1422 1014 1504 perdat
1042 1444 1114 1487 cum

98 1511 296 1576 statutibcro
325 1560 332 1574 .
360 1512 492 1594 proinde
525 1511 653 1576 defendi
685 1514 792 1595 potest
824 1514 857 1576 et
888 1511 916 1574 si
947 1532 1014 1576 non
1046 1511 1115 1576 vult

99 1599 230 1686 exigere
250 1599 301 1664 vel
320 1600 390 1682 ipse
410 1601 544 1682 solvere,
562 1603 600 1664 ut
617 1599 670 1664 hic
688 1600 817 1685 habeat,
834 1600 918 1664 unde
935 1599 1113 1665 condicioni

96 1693 228 1773 pareat,
260 1689 444 1752 libertatem
472 1692 666 1773 competere,
695 1691 729 1753 et
755 1689 803 1753 ita
830 1687 960 1754 Cassius
987 1709 1114 1773 qnoque

97 1777 219 1843 scribit.

246 1908 297 1974 De
318 1910 546 1992 mannpatiene
567 1915 595 1974 et
616 1911 765 1994 emptione
786 1911 965 1976 venditione.

451 2039 499 2098 De
520 2043 651 2114 maneant
673 2041 766 2100 rebns.

188 2158 241 2223 68.
271 2155 385 2240 Gaia,
402 2156 452 2223 15.
474 2192 518 2204 -
543 2158 676 2242 ..quod
705 2158 844 2222 diximus
871 2157 932 2240 <ea
960 2158 1113 2222 animalia

99 2269 181 2331 quae
206 2246 331 2311 domari
355 2246 491 2329 solent>
515 2247 656 2330 mancipi
679 2269 762 2330 esse,
784 2244 967 2330 <quomodo
987 2245 1112 2310 intelle-

99 2336 242 2421 gendum
270 2335 314 2399 sit
342 2334 518 2418 quaeritur,
546 2336 624 2419 quia
645 2357 710 2400 non
734 2335 845 2400 statim
868 2340 904 2400 ut
926 2338 1004 2400 nata
1028 2338 1112 2418 sunt,

98 2424 281 2489 domantur.
325 2428 358 2488 et
381 2427 513 2489 nostras
537 2473 544 2488 .
564 2477 570 2490 .
594 2423 723 2489 scholae
747 2425 916 2508 auctores>
940 2423 1051 2488 statim
1075 2427 1112 2487 ut

97 2518 176 2577 nata
201 2518 290 2598 sunt,
312 2512 454 2596 mancipi
478 2534 547 2576 esse
570 2516 695 2596 putant.

408 2721 455 2779 De
478 2723 617 2795 emptione
637 2723 806 2782 venditione.

189 2838 255 2903 69⁸.
278 2837 318 2903 D.
334 2839 385 2921 18,
401 2842 428 2920 1,
444 2842 473 2921 l,
489 2841 517 2904 1.
553 2837 674 2903 Paulus
693 2840 776 2905 libro
799 2840 990 2925 trigensimo
1013 2840 1109 2906 tertio

99 2929 138 2994 ad
167 2927 309 2991 edictum
337 2923 387 3013 (P.
406 2927 494 3012 502).
517 2964 560 2975 -
584 2949 678 2993 ..an
706 2929 775 2993 sine
802 2929 942 2993 nummis
970 2929 1108 2995 venditio

98 3017 162 3082 dici
189 3014 348 3100 hodieque
371 3016 492 3101 possit,
520 3015 700 3099 dubitatur,
726 3018 825 3081 veluti
853 3017 882 3082 si
909 3038 969 3103 ego
998 3023 1108 3102 togam

96 3106 181 3189 dedi,
206 3108 245 3169 ut
265 3106 409 3169 tunicam
434 3105 620 3189 acciperem.
666 3103 806 3170 Sabinus
830 3108 863 3170 et
886 3103 1017 3171 Cassius
1041 3127 1110 3170 esse

98 3194 297 3278 emptionem
321 3198 354 3257 et
376 3193 593 3258 venditionem
615 3198 740 3277 putant.

188 3277 257 3346 69¹³.
281 3280 352 3346 Gai.
371 3282 401 3365 3,
421 3283 494 3346 141.
509 3319 550 3328 —
565 3331 573 3346 .
587 3330 595 3347 .
610 3282 645 3345 in
664 3281 777 3347 ceteris
796 3284 891 3347 rebus
911 3305 952 3348 an
970 3281 1110 3364 pretium

99 3393 170 3437 esse
194 3371 309 3456 possit,
332 3370 433 3436 veluti
457 3369 554 3435 homo
578 3376 634 3435 aut
657 3374 735 3457 toga
758 3377 815 3436 aut
837 3371 955 3437 fundus
979 3367 1110 3433 alterius

98 3460 147 3525 rei
177 3459 341 3543 <pretium
374 3480 444 3523 esse
476 3459 616 3545 possit),
649 3460 743 3524 valde
778 3461 951 3544 quaeritur.
1005 3456 1110 3520 nostri

99 3552 325 3633 praeceptores
352 3550 472 3632 putant
494 3547 591 3612 etiam
615 3548 648 3613 iu
673 3547 795 3612 aliare
818 3567 913 3632 posse
936 3545 1113 3612 consistere
