2422 3976
408 191 432 241 6.
455 182 664 240 IAVOLsNUs
682 184 830 241 PRISGUS
1056 186 1124 252 455

107 353 223 501 367666
245 352 284 413 de
308 353 523 432 legitumos
542 352 710 431 donatione,
733 353 863 413 allorum
882 373 993 434 eorum,
1016 356 1126 433 quibus

131 461 148 503 e
177 442 289 502 damno
314 442 424 502 iniuria
446 443 517 501 dato
540 445 572 501 el
594 443 631 501 do
654 443 796 518 pauperie
818 445 976 520 tractatur,
999 464 1126 521 quorum

109 532 247 609 capilum
274 531 405 591 alterum
430 530 616 608 insequentis
644 531 715 589 libri
741 530 797 588 XV
824 532 935 607 eapite,
969 534 1050 610 quod
1079 537 1127 594 ost

102 620 147 680 de
170 620 278 694 furtis,
301 619 397 696 excipi
418 620 550 679 videtur.

466 773 516 839 De
538 775 598 857 iope
619 775 774 840 Faleidia.

202 891 254 955 71.
277 888 316 955 D.
331 888 385 973 35,
401 889 431 970 2,
446 890 489 954 60
499 911 546 972 pr.
584 889 754 953 Iavolenus
768 890 851 954 libro
867 893 982 975 quarto
998 890 1124 955 decimo

109 1000 150 1044 ex
177 976 304 1045 (lessio.
326 1014 371 1024 -
396 977 473 1042 (766
498 983 586 1060 pater
612 979 763 1060 impuberi
788 980 875 1062 (iliae
897 979 1032 1044 heredem
1054 981 1124 1044 snb-

109 1069 220 1151 stiiuit,
241 1068 278 1132 id
297 1069 378 1150 qnod
396 1068 425 1131 ei
443 1067 611 1149 lepatouum
628 1068 752 1131 nomine
769 1088 790 1131 6
801 1073 893 1150 patre
911 1069 1035 1152 obvenit,
1054 1089 1125 1132 eum

108 1156 262 1222 hereditas
288 1157 332 1220 ad
351 1155 527 1221 substitutos
543 1157 689 1239 pertinet,
717 1157 751 1220 in
773 1158 1026 1239 computationem
1049 1158 1125 1240 lepis

110 1245 273 1311 Falcidiae
293 1266 357 1310 non
378 1246 467 1308 venit.

201 1335 253 1399 72.
286 1332 325 1400 D.
342 1333 421 1397 ibid.
439 1334 459 1412 ἓ
480 1335 508 1397 1.
539 1370 576 1379 -
607 1333 721 1414 Lepato
746 1335 842 1415 petito
874 1355 942 1398 eum
972 1336 1006 1398 in
1038 1336 1122 1399 litem

110 1424 250 1487 iuratum
272 1427 324 1501 est,
347 1423 382 1486 in
403 1422 524 1486 ratione
548 1423 622 1505 lepis
639 1423 801 1487 Falcidiae
823 1422 946 1505 <ratio>
969 1445 1032 1487 non
1055 1425 1123 1489 eius

108 1532 260 1589 summae,
287 1513 322 1575 in
348 1531 443 1594 quam
470 1511 637 1593 leqatarins
664 1512 793 1593 iuravit,
819 1511 925 1576 labori
947 1513 1051 1595 debet,
1069 1514 1124 1577 sed

108 1602 187 1681 eius,
214 1603 324 1683 putanti
349 1620 384 1665 re
409 1620 482 1664 uera
509 1600 543 1663 id
566 1599 631 1680 fnit
651 1602 732 1681 quod
747 1601 880 1682 petitum
901 1607 961 1678 est‚·
988 1623 1064 1666 nam
1085 1603 1123 1666 id

109 1691 191 1771 qaod
217 1709 337 1771 poenae
367 1709 463 1753 caasa
493 1689 628 1753 adereoit
657 1690 692 1752 in
724 1689 816 1771 lepem
848 1689 1026 1755 Falcidiam
1057 1712 1122 1756 non

110 1779 225 1844 tundit.

480 1864 609 1948 1767696
631 1864 747 1931 Cincio.

105 2052 108 2056 ,
199 1982 250 2046 73.
278 1981 317 2046 D.
336 1980 388 2063 39,
407 1981 437 2059 5,
456 1982 506 2046 24.
548 1980 723 2046 Iavolenus
747 1982 829 2045 libro
854 1986 968 2066 quarto
993 1983 1117 2048 decimo

109 2093 147 2136 ex
179 2068 302 2136 (lessio.
330 2106 372 2115 -
400 2069 593 2135 Fideiussoui
624 2071 702 2154 eins,
734 2072 788 2153 qui
816 2072 991 2136 donationis
1023 2092 1118 2136 eausa

103 2159 269 2243 pamniam
295 2178 392 2242 supra
409 2160 534 2223 modum
558 2159 631 2242 lepis
653 2159 706 2240 (se.
730 2159 869 2243 Cinciae)
887 2161 1045 2243 promisit,
1068 2181 1118 2224 66-

104 2248 201 2331 aeplio
223 2249 296 2312 dani
318 2247 401 2312 debet
421 2249 514 2311 etiam
536 2248 631 2312 invito
654 2268 717 2331 reo,
744 2269 795 2331 ne,
817 2249 846 2312 si
865 2249 945 2328 forte
967 2269 1037 2313 nens
1058 2248 1119 2313 sot·

105 2338 201 2403 vendo
224 2356 288 2401 non
309 2336 417 2420 fuerit,
436 2337 602 2419 pecuniam
624 2337 784 2418 fideiussor
806 2339 936 2401 amittat.

467 2494 517 2560 De
540 2497 600 2578 lepe
622 2496 763 2577 Aquilia.

198 2611 250 2675 74.
278 2609 317 2674 Ι).
332 2609 363 2692 9,
377 2610 406 2693 2,
421 2611 462 2674 37
478 2634 525 2695 pr.
565 2611 737 2676 Iavolenus
757 2610 840 2674 libro
860 2616 974 2695 quarto
994 2611 1117 2677 decimo
1193 2586 1205 2611 ⁸

101 2722 144 2767 ex
173 2697 297 2765 Caesio.
325 2734 370 2744 —
397 2699 490 2764 Liber
518 2701 606 2765 immo
637 2703 667 2765 si
692 2701 779 2764 iussu
806 2700 934 2764 alterius
964 2702 1118 2765 damnum

100 2786 246 2855 iniuria¹
268 2789 360 2871 dedit,
382 2790 461 2852 aetio
485 2789 558 2872 lepis
579 2789 727 2870 Aquiliae
749 2810 818 2853 enm
836 2809 869 2853 66
887 2792 931 2853 est
946 2790 1001 2870 qui
1018 2791 1118 2868 iussit,

96 2880 132 2944 si
153 2878 246 2943 niodo
268 2878 318 2942 ius
340 2877 515 2958 imperandi
537 2878 650 2943 habuit.
679 2879 759 2958 quod
779 2879 808 2941 si
830 2898 891 2941 uon
910 2878 1025 2962 767677,
1048 2900 1118 2944 mem

96 2987 135 3033 eo
159 2966 313 3049 apendum
335 2970 379 3029 est
400 2967 455 3046 qni
474 2966 554 3047 feeit.

196 3054 247 3118 75.
280 3052 319 3118 Ι).
338 3053 414 3118 ibid.
434 3058 453 3134 ξ
473 3054 501 3118 1.
530 3092 571 3101 —
599 3054 637 3119 Si
663 3056 847 3137 quadrupes,
879 3056 967 3120 ouius
993 3057 1117 3120 momine

97 3145 185 3210 aetio
208 3147 282 3208 esset
303 3163 373 3207 eum
395 3143 526 3225 domino,
549 3146 629 3225 quod
644 3144 826 3225 pauperiem
846 3143 971 3224 fecisset,
995 3143 1033 3208 ab
1052 3144 1116 3209 olio

98 3234 203 3299 decisa
225 3236 270 3296 est
291 3235 319 3296 et
340 3251 410 3295 aum
432 3253 465 3296 eo
488 3233 548 3315 tepe
570 3233 701 3314 Aquilia
724 3234 836 3315 apitur,
860 3234 1030 3297 aestimatio
1053 3253 1116 3296 non

97 3323 146 3387 ad
172 3340 283 3403 corpeus
309 3321 529 3403 quadrupedis,
551 3323 605 3385 sed
625 3322 668 3385 ad
689 3341 814 3385 eausam
837 3323 913 3403 eius,
941 3322 976 3384 in
999 3342 1057 3403 qno
1079 3322 1117 3385 de

99 3411 252 3492 pauperie
277 3409 356 3473 aetio
384 3413 440 3492 est,
467 3411 576 3490 referri
600 3410 682 3474 delet
704 3415 732 3474 et
754 3410 833 3474 tanti
854 3411 1052 3475 damnandus
1073 3415 1118 3475 est

178 3561 192 3609 1
212 3555 260 3611 Fl.
279 3572 363 3611 manu
381 3555 521 3610 iniuriam.
