<?xml version="1.0" encoding="UTF-8"?>
<!DOCTYPE html PUBLIC "-//W3C//DTD XHTML 1.0 Transitional//EN"
    "http://www.w3.org/TR/xhtml1/DTD/xhtml1-transitional.dtd">
<html xmlns="http://www.w3.org/1999/xhtml" xml:lang="en" lang="en">
 <head>
  <title>
</title>
<meta http-equiv="Content-Type" content="text/html;charset=utf-8" />
  <meta name='ocr-system' content='tesseract 3.04.00' />
  <meta name='ocr-capabilities' content='ocr_page ocr_carea ocr_par ocr_line ocrx_word'/>
</head>
<body>
  <div class='ocr_page' id='page_1' title='image "./iurisprudentiae01bremgoog_0341.png"; bbox 0 0 2422 3976; ppageno 0'>
   <div class='ocr_carea' id='block_1_1' title="bbox 96 188 1042 259">
    <p class='ocr_par' dir='ltr' id='par_1_1' title="bbox 96 188 1042 259">
     <span class='ocr_line' id='line_1_1' title="bbox 96 188 1042 259; baseline -0.002 -9"><span class='ocrx_word' id='word_1_1' title='bbox 96 194 161 259; x_wconf 84' lang='lat'>306</span> <span class='ocrx_word' id='word_1_2' title='bbox 197 195 230 252; x_wconf 90' lang='lat' dir='ltr'>V.</span> <span class='ocrx_word' id='word_1_3' title='bbox 250 193 398 250; x_wconf 77' lang='lat' dir='ltr'>NERVAE</span> <span class='ocrx_word' id='word_1_4' title='bbox 417 188 468 249; x_wconf 76' lang='lat' dir='ltr'>ar</span> <span class='ocrx_word' id='word_1_5' title='bbox 481 193 634 250; x_wconf 74' lang='lat' dir='ltr'>TRAIANI</span> <span class='ocrx_word' id='word_1_6' title='bbox 652 194 759 253; x_wconf 83' lang='grc' dir='ltr'><strong>ΤΕΜΡ.</strong></span> <span class='ocrx_word' id='word_1_7' title='bbox 778 193 876 251; x_wconf 85' lang='lat' dir='ltr'>IURIS</span> <span class='ocrx_word' id='word_1_8' title='bbox 895 193 1042 252; x_wconf 56' lang='lat' dir='ltr'>CONSUL?</span> 
     </span>
    </p>
   </div>
   <div class='ocr_carea' id='block_1_2' title="bbox 468 412 734 495">
    <p class='ocr_par' dir='ltr' id='par_1_2' title="bbox 468 412 734 495">
     <span class='ocr_line' id='line_1_2' title="bbox 468 412 734 495; baseline 0.004 -18"><span class='ocrx_word' id='word_1_9' title='bbox 468 412 518 477; x_wconf 89' lang='lat' dir='ltr'>De</span> <span class='ocrx_word' id='word_1_10' title='bbox 539 413 734 495; x_wconf 72' lang='lat' dir='ltr'><strong><em>usucapione.</em></strong></span> 
     </span>
    </p>
   </div>
   <div class='ocr_carea' id='block_1_3' title="bbox 95 553 1042 994">
    <p class='ocr_par' dir='ltr' id='par_1_3' title="bbox 95 553 1042 994">
     <span class='ocr_line' id='line_1_3' title="bbox 184 553 1037 639; baseline 0.001 -20"><span class='ocrx_word' id='word_1_11' title='bbox 184 554 236 619; x_wconf 82' lang='lat'>37.</span> <span class='ocrx_word' id='word_1_12' title='bbox 268 553 307 618; x_wconf 92' lang='lat' dir='ltr'>D.</span> <span class='ocrx_word' id='word_1_13' title='bbox 326 556 379 635; x_wconf 89' lang='grc'>41,</span> <span class='ocrx_word' id='word_1_14' title='bbox 398 555 428 639; x_wconf 85' lang='lat'>3,</span> <span class='ocrx_word' id='word_1_15' title='bbox 448 555 525 639; x_wconf 87' lang='lat' dir='ltr'>8pr.</span> <span class='ocrx_word' id='word_1_16' title='bbox 576 553 696 619; x_wconf 89' lang='lat' dir='ltr'>Paulus</span> <span class='ocrx_word' id='word_1_17' title='bbox 728 553 812 620; x_wconf 90' lang='lat' dir='ltr'>libro</span> <span class='ocrx_word' id='word_1_18' title='bbox 846 554 1037 621; x_wconf 82' lang='lat' dir='ltr'>duodecimo</span> 
     </span>
     <span class='ocr_line' id='line_1_4' title="bbox 96 638 1042 729; baseline 0.003 -23"><span class='ocrx_word' id='word_1_19' title='bbox 96 641 236 707; x_wconf 89' lang='lat' dir='ltr'>edietum</span> <span class='ocrx_word' id='word_1_20' title='bbox 261 638 311 727; x_wconf 91' lang='lat' dir='ltr'>(P.</span> <span class='ocrx_word' id='word_1_21' title='bbox 325 643 415 729; x_wconf 79' lang='lat'><strong>232).</strong></span> <span class='ocrx_word' id='word_1_22' title='bbox 434 679 476 688; x_wconf 91' lang='lat'>—</span> <span class='ocrx_word' id='word_1_23' title='bbox 496 641 604 708; x_wconf 82' lang='lat' dir='ltr'>Labeo</span> <span class='ocrx_word' id='word_1_24' title='bbox 627 641 782 708; x_wconf 75' lang='lat' dir='ltr'>Neratius</span> <span class='ocrx_word' id='word_1_25' title='bbox 805 644 1042 728; x_wconf 86' lang='lat' dir='ltr'>responderunt</span> 
     </span>
     <span class='ocr_line' id='line_1_5' title="bbox 97 730 1042 818; baseline 0.003 -23"><span class='ocrx_word' id='word_1_26' title='bbox 97 751 180 814; x_wconf 89' lang='lat' dir='ltr'>quae</span> <span class='ocrx_word' id='word_1_27' title='bbox 204 732 289 796; x_wconf 87' lang='lat' dir='ltr'>servi</span> <span class='ocrx_word' id='word_1_28' title='bbox 310 732 518 818; x_wconf 74' lang='lat' dir='ltr'>peculiariter</span> <span class='ocrx_word' id='word_1_29' title='bbox 536 732 646 798; x_wconf 87' lang='lat' dir='ltr'>naneti</span> <span class='ocrx_word' id='word_1_30' title='bbox 664 736 749 815; x_wconf 90' lang='lat' dir='ltr'>sunt,</span> <span class='ocrx_word' id='word_1_31' title='bbox 771 730 813 816; x_wconf 86' lang='lat' dir='ltr'>&lt;a</span> <span class='ocrx_word' id='word_1_32' title='bbox 831 732 964 799; x_wconf 90' lang='lat' dir='ltr'>domino</span> <span class='ocrx_word' id='word_1_33' title='bbox 984 733 1042 799; x_wconf 74' lang='lat' dir='ltr'>infr</span> 
     </span>
     <span class='ocr_line' id='line_1_6' title="bbox 95 820 1042 907; baseline 0.005 -24"><span class='ocrx_word' id='word_1_34' title='bbox 95 841 224 905; x_wconf 89' lang='lat' dir='ltr'>quoque</span> <span class='ocrx_word' id='word_1_35' title='bbox 252 821 301 884; x_wconf 87' lang='lat' dir='ltr'>vel</span> <span class='ocrx_word' id='word_1_36' title='bbox 328 820 474 907; x_wconf 88' lang='lat' dir='ltr'>furioso&gt;</span> <span class='ocrx_word' id='word_1_37' title='bbox 501 821 636 905; x_wconf 84' lang='lat' dir='ltr'>usucapi</span> <span class='ocrx_word' id='word_1_38' title='bbox 662 841 769 907; x_wconf 89' lang='lat' dir='ltr'>posse,</span> <span class='ocrx_word' id='word_1_39' title='bbox 796 822 873 905; x_wconf 89' lang='lat' dir='ltr'>quia</span> <span class='ocrx_word' id='word_1_40' title='bbox 903 821 985 888; x_wconf 82' lang='lat' dir='ltr'>haee</span> <span class='ocrx_word' id='word_1_41' title='bbox 1013 827 1042 888; x_wconf 86' lang='lat' dir='ltr'>et</span> 
     </span>
     <span class='ocr_line' id='line_1_7' title="bbox 95 909 660 994; baseline 0.005 -22"><span class='ocrx_word' id='word_1_42' title='bbox 95 909 287 994; x_wconf 74' lang='lat' dir='ltr'>ignorantes</span> <span class='ocrx_word' id='word_1_43' title='bbox 311 909 434 975; x_wconf 89' lang='lat' dir='ltr'>domini</span> <span class='ocrx_word' id='word_1_44' title='bbox 457 911 660 994; x_wconf 87' lang='lat' dir='ltr'>usucapiunt.</span> 
     </span>
    </p>
   </div>
   <div class='ocr_carea' id='block_1_4' title="bbox 65 1015 1042 1894">
    <p class='ocr_par' dir='ltr' id='par_1_4' title="bbox 93 1015 1042 1454">
     <span class='ocr_line' id='line_1_8' title="bbox 184 1015 1042 1100; baseline 0.005 -22"><span class='ocrx_word' id='word_1_45' title='bbox 184 1020 277 1081; x_wconf 90' lang='lat' dir='ltr'>Lenel</span> <span class='ocrx_word' id='word_1_46' title='bbox 300 1021 333 1082; x_wconf 82' lang='lat' dir='ltr'>P.</span> <span class='ocrx_word' id='word_1_47' title='bbox 357 1022 394 1081; x_wconf 90' lang='lat' dir='ltr'>ad</span> <span class='ocrx_word' id='word_1_48' title='bbox 417 1022 501 1082; x_wconf 83' lang='lat' dir='ltr'>Paul.</span> <span class='ocrx_word' id='word_1_49' title='bbox 524 1025 624 1081; x_wconf 87' lang='lat' dir='ltr'>notat:</span> <span class='ocrx_word' id='word_1_50' title='bbox 651 1015 698 1081; x_wconf 78' lang='lat' dir='ltr'>‘In</span> <span class='ocrx_word' id='word_1_51' title='bbox 720 1021 884 1098; x_wconf 89' lang='lat' dir='ltr'>posteriore</span> <span class='ocrx_word' id='word_1_52' title='bbox 908 1021 1002 1082; x_wconf 80' lang='lat' dir='ltr'>adiuti</span> <span class='ocrx_word' id='word_1_53' title='bbox 1024 1044 1042 1100; x_wconf 89' lang='lat' dir='ltr'>p</span> 
     </span>
     <span class='ocr_line' id='line_1_9' title="bbox 94 1103 1042 1189; baseline 0.004 -20"><span class='ocrx_word' id='word_1_54' title='bbox 94 1113 217 1186; x_wconf 88' lang='lat' dir='ltr'>praetor</span> <span class='ocrx_word' id='word_1_55' title='bbox 239 1110 295 1168; x_wconf 89' lang='lat' dir='ltr'>ait:</span> <span class='ocrx_word' id='word_1_56' title='bbox 320 1104 400 1172; x_wconf 77' lang='lat' dir='ltr'>‘inve</span> <span class='ocrx_word' id='word_1_57' title='bbox 423 1110 550 1170; x_wconf 82' lang='lat' dir='ltr'>uinculis</span> <span class='ocrx_word' id='word_1_58' title='bbox 575 1103 666 1170; x_wconf 88' lang='lat' dir='ltr'>esset&#39;</span> <span class='ocrx_word' id='word_1_59' title='bbox 688 1128 749 1170; x_wconf 89' lang='lat' dir='ltr'>non</span> <span class='ocrx_word' id='word_1_60' title='bbox 769 1110 871 1171; x_wconf 87' lang='lat' dir='ltr'>addito</span> <span class='ocrx_word' id='word_1_61' title='bbox 892 1103 942 1188; x_wconf 94' lang='lat' dir='ltr'>(ut</span> <span class='ocrx_word' id='word_1_62' title='bbox 960 1112 993 1170; x_wconf 90' lang='lat' dir='ltr'>in</span> <span class='ocrx_word' id='word_1_63' title='bbox 1011 1133 1042 1189; x_wconf 83' lang='lat' dir='ltr'>pr</span> 
     </span>
     <span class='ocr_line' id='line_1_10' title="bbox 94 1189 1042 1279; baseline 0.002 -21"><span class='ocrx_word' id='word_1_64' title='bbox 94 1189 196 1279; x_wconf 86' lang='lat' dir='ltr'>parte)</span> <span class='ocrx_word' id='word_1_65' title='bbox 221 1198 311 1258; x_wconf 88' lang='lat' dir='ltr'>verbo</span> <span class='ocrx_word' id='word_1_66' title='bbox 335 1193 520 1259; x_wconf 74' lang='lat' dir='ltr'>‘seruitute&#39;t</span> <span class='ocrx_word' id='word_1_67' title='bbox 547 1199 606 1258; x_wconf 89' lang='lat' dir='ltr'>huo</span> <span class='ocrx_word' id='word_1_68' title='bbox 630 1203 746 1276; x_wconf 87' lang='lat' dir='ltr'>speetat</span> <span class='ocrx_word' id='word_1_69' title='bbox 768 1199 803 1258; x_wconf 87' lang='lat' dir='ltr'>fr.</span> <span class='ocrx_word' id='word_1_70' title='bbox 820 1200 893 1260; x_wconf 76' lang='lat'><strong>232.</strong></span> <span class='ocrx_word' id='word_1_71' title='bbox 931 1200 968 1262; x_wconf 85' lang='lat' dir='ltr'>of.</span> <span class='ocrx_word' id='word_1_72' title='bbox 983 1199 1042 1277; x_wconf 89' lang='lat' dir='ltr'>Ulp</span> 
     </span>
     <span class='ocr_line' id='line_1_11' title="bbox 94 1283 1028 1363; baseline 0.001 -16"><span class='ocrx_word' id='word_1_73' title='bbox 94 1287 133 1347; x_wconf 90' lang='lat' dir='ltr'>ad</span> <span class='ocrx_word' id='word_1_74' title='bbox 162 1283 498 1363; x_wconf 80' lang='lat' dir='ltr'>ediot50,17,118&#39;.</span> <span class='ocrx_word' id='word_1_75' title='bbox 550 1288 586 1349; x_wconf 91' lang='lat' dir='ltr'>of.</span> <span class='ocrx_word' id='word_1_76' title='bbox 612 1287 745 1348; x_wconf 90' lang='lat' dir='ltr'>eiusdem</span> <span class='ocrx_word' id='word_1_77' title='bbox 772 1288 831 1349; x_wconf 82' lang='lat' dir='ltr'>viri</span> <span class='ocrx_word' id='word_1_78' title='bbox 859 1288 1028 1348; x_wconf 78' lang='lat' dir='ltr'>doctissimi</span> 
     </span>
     <span class='ocr_line' id='line_1_12' title="bbox 93 1379 429 1454; baseline 0.003 -18"><span class='ocrx_word' id='word_1_79' title='bbox 93 1379 210 1454; x_wconf 90' lang='lat' dir='ltr'>perpet.</span> <span class='ocrx_word' id='word_1_80' title='bbox 224 1397 252 1452; x_wconf 91' lang='lat' dir='ltr'>p.</span> <span class='ocrx_word' id='word_1_81' title='bbox 269 1379 310 1437; x_wconf 88' lang='grc'>96</span> <span class='ocrx_word' id='word_1_82' title='bbox 334 1397 362 1435; x_wconf 91' lang='lat' dir='ltr'>n.</span> <span class='ocrx_word' id='word_1_83' title='bbox 379 1379 429 1437; x_wconf 88' lang='grc'>19.</span> 
     </span>
    </p>

    <p class='ocr_par' dir='ltr' id='par_1_5' title="bbox 65 1464 1042 1894">
     <span class='ocr_line' id='line_1_13' title="bbox 183 1464 1033 1544; baseline 0.005 -21"><span class='ocrx_word' id='word_1_84' title='bbox 183 1465 220 1523; x_wconf 87' lang='lat' dir='ltr'>ol.</span> <span class='ocrx_word' id='word_1_85' title='bbox 239 1464 275 1523; x_wconf 92' lang='lat' dir='ltr'>D.</span> <span class='ocrx_word' id='word_1_86' title='bbox 295 1467 346 1544; x_wconf 77' lang='grc'>41,</span> <span class='ocrx_word' id='word_1_87' title='bbox 366 1468 394 1540; x_wconf 85' lang='lat'>3,</span> <span class='ocrx_word' id='word_1_88' title='bbox 415 1467 456 1526; x_wconf 82' lang='lat'>47</span> <span class='ocrx_word' id='word_1_89' title='bbox 485 1464 597 1525; x_wconf 89' lang='lat' dir='ltr'>Paulus</span> <span class='ocrx_word' id='word_1_90' title='bbox 624 1465 702 1525; x_wconf 81' lang='lat' dir='ltr'>libro</span> <span class='ocrx_word' id='word_1_91' title='bbox 729 1465 776 1524; x_wconf 88' lang='lat'>111</span> <span class='ocrx_word' id='word_1_92' title='bbox 804 1465 842 1525; x_wconf 89' lang='lat' dir='ltr'>ad</span> <span class='ocrx_word' id='word_1_93' title='bbox 864 1465 1033 1527; x_wconf 76' lang='lat' dir='ltr'>Neratium.</span> 
     </span>
     <span class='ocr_line' id='line_1_14' title="bbox 94 1553 1042 1632; baseline 0.004 -20"><span class='ocrx_word' id='word_1_94' title='bbox 94 1555 227 1631; x_wconf 88' lang='lat' dir='ltr'>emptam</span> <span class='ocrx_word' id='word_1_95' title='bbox 254 1572 318 1615; x_wconf 88' lang='lat' dir='ltr'>rem</span> <span class='ocrx_word' id='word_1_96' title='bbox 340 1553 415 1612; x_wconf 89' lang='lat' dir='ltr'>mihi</span> <span class='ocrx_word' id='word_1_97' title='bbox 437 1557 614 1630; x_wconf 81' lang='lat' dir='ltr'>procurator</span> <span class='ocrx_word' id='word_1_98' title='bbox 641 1555 800 1632; x_wconf 83' lang='lat' dir='ltr'>ignorante</span> <span class='ocrx_word' id='word_1_99' title='bbox 828 1573 875 1613; x_wconf 91' lang='lat' dir='ltr'>me</span> <span class='ocrx_word' id='word_1_100' title='bbox 899 1574 966 1615; x_wconf 90' lang='lat' dir='ltr'>meo</span> <span class='ocrx_word' id='word_1_101' title='bbox 990 1575 1042 1616; x_wconf 90' lang='lat' dir='ltr'>nor</span> 
     </span>
     <span class='ocr_line' id='line_1_15' title="bbox 95 1641 1042 1723; baseline -0.001 -22"><span class='ocrx_word' id='word_1_102' title='bbox 95 1641 333 1719; x_wconf 81' lang='lat' dir='ltr'>adprehenderit,</span> <span class='ocrx_word' id='word_1_103' title='bbox 344 1644 480 1718; x_wconf 83' lang='lat' dir='ltr'>quamvis</span> <span class='ocrx_word' id='word_1_104' title='bbox 494 1643 673 1721; x_wconf 83' lang='lat' dir='ltr'>possideam,</span> <span class='ocrx_word' id='word_1_105' title='bbox 689 1661 755 1702; x_wconf 87' lang='lat' dir='ltr'>eam</span> <span class='ocrx_word' id='word_1_106' title='bbox 768 1662 827 1703; x_wconf 91' lang='lat' dir='ltr'>non</span> <span class='ocrx_word' id='word_1_107' title='bbox 840 1643 1025 1723; x_wconf 87' lang='lat' dir='ltr'>usneapiam‚</span> <span class='ocrx_word' id='word_1_108' title='bbox 1039 1673 1042 1700; x_wconf 72' lang='lat' dir='ltr'>l</span> 
     </span>
     <span class='ocr_line' id='line_1_16' title="bbox 93 1730 1042 1808; baseline 0.004 -19"><span class='ocrx_word' id='word_1_109' title='bbox 93 1735 129 1789; x_wconf 90' lang='lat' dir='ltr'>ut</span> <span class='ocrx_word' id='word_1_110' title='bbox 151 1730 325 1807; x_wconf 85' lang='lat' dir='ltr'>ignorantes</span> <span class='ocrx_word' id='word_1_111' title='bbox 347 1732 580 1808; x_wconf 87' lang='lat' dir='ltr'>usueeperimus,</span> <span class='ocrx_word' id='word_1_112' title='bbox 603 1731 635 1790; x_wconf 89' lang='lat' dir='ltr'>in</span> <span class='ocrx_word' id='word_1_113' title='bbox 656 1732 858 1807; x_wconf 75' lang='lat' dir='ltr'>peculiaribus</span> <span class='ocrx_word' id='word_1_114' title='bbox 878 1736 1000 1792; x_wconf 87' lang='lat' dir='ltr'>tantum</span> <span class='ocrx_word' id='word_1_115' title='bbox 1018 1752 1042 1794; x_wconf 74' lang='lat' dir='ltr'>rs</span> 
     </span>
     <span class='ocr_line' id='line_1_17' title="bbox 65 1820 325 1894; baseline -0.012 -11"><span class='ocrx_word' id='word_1_116' title='bbox 65 1876 68 1883; x_wconf 94' lang='lat'>.</span> <span class='ocrx_word' id='word_1_117' title='bbox 94 1820 247 1894; x_wconf 89' lang='lat' dir='ltr'>reoeptum</span> <span class='ocrx_word' id='word_1_118' title='bbox 271 1822 325 1880; x_wconf 89' lang='lat' dir='ltr'>est.</span> 
     </span>
    </p>
   </div>
   <div class='ocr_carea' id='block_1_5' title="bbox 447 1974 754 2041">
    <p class='ocr_par' dir='ltr' id='par_1_6' title="bbox 447 1974 754 2041">
     <span class='ocr_line' id='line_1_18' title="bbox 447 1974 754 2041; baseline -0.007 0"><span class='ocrx_word' id='word_1_119' title='bbox 447 1974 497 2041; x_wconf 87' lang='lat' dir='ltr'>De</span> <span class='ocrx_word' id='word_1_120' title='bbox 518 1975 553 2039; x_wconf 81' lang='lat' dir='ltr'>io</span> <span class='ocrx_word' id='word_1_121' title='bbox 575 1995 640 2039; x_wconf 84' lang='lat' dir='ltr'>rom</span> <span class='ocrx_word' id='word_1_122' title='bbox 661 1994 754 2039; x_wconf 79' lang='lat' dir='ltr'>uerso.</span> 
     </span>
    </p>
   </div>
   <div class='ocr_carea' id='block_1_6' title="bbox 94 2115 1042 3178">
    <p class='ocr_par' dir='ltr' id='par_1_7' title="bbox 94 2115 1042 3178">
     <span class='ocr_line' id='line_1_19' title="bbox 184 2115 1042 2200; baseline 0 -19"><span class='ocrx_word' id='word_1_123' title='bbox 184 2117 235 2182; x_wconf 88' lang='grc'>38.</span> <span class='ocrx_word' id='word_1_124' title='bbox 257 2115 295 2181; x_wconf 92' lang='lat' dir='ltr'>D.</span> <span class='ocrx_word' id='word_1_125' title='bbox 308 2115 359 2198; x_wconf 83' lang='lat'>15,</span> <span class='ocrx_word' id='word_1_126' title='bbox 369 2117 399 2196; x_wconf 84' lang='lat'>3,</span> <span class='ocrx_word' id='word_1_127' title='bbox 412 2117 462 2182; x_wconf 87' lang='grc'>19.</span> <span class='ocrx_word' id='word_1_128' title='bbox 499 2116 619 2181; x_wconf 90' lang='lat' dir='ltr'>Paulus</span> <span class='ocrx_word' id='word_1_129' title='bbox 637 2116 720 2182; x_wconf 90' lang='lat' dir='ltr'>libro</span> <span class='ocrx_word' id='word_1_130' title='bbox 740 2120 855 2200; x_wconf 87' lang='lat' dir='ltr'>quarto</span> <span class='ocrx_word' id='word_1_131' title='bbox 875 2116 1042 2192; x_wconf 81' lang='lat' dir='ltr'>Quaestior</span> 
     </span>
     <span class='ocr_line' id='line_1_20' title="bbox 95 2201 1042 2290; baseline 0.002 -22"><span class='ocrx_word' id='word_1_132' title='bbox 95 2201 143 2290; x_wconf 91' lang='lat' dir='ltr'>(P.</span> <span class='ocrx_word' id='word_1_133' title='bbox 170 2203 280 2290; x_wconf 84' lang='lat'>1315).</span> <span class='ocrx_word' id='word_1_134' title='bbox 314 2241 356 2251; x_wconf 94' lang='lat'>—</span> <span class='ocrx_word' id='word_1_135' title='bbox 388 2203 488 2269; x_wconf 87' lang='lat' dir='ltr'>Filius</span> <span class='ocrx_word' id='word_1_136' title='bbox 525 2206 668 2269; x_wconf 87' lang='lat' dir='ltr'>familias</span> <span class='ocrx_word' id='word_1_137' title='bbox 704 2210 817 2290; x_wconf 86' lang='lat' dir='ltr'>togam</span> <span class='ocrx_word' id='word_1_138' title='bbox 850 2207 942 2290; x_wconf 80' lang='lat' dir='ltr'>emit3</span> <span class='ocrx_word' id='word_1_139' title='bbox 980 2229 1042 2272; x_wconf 87' lang='lat' dir='ltr'>mor</span> 
     </span>
     <span class='ocr_line' id='line_1_21' title="bbox 96 2294 1042 2379; baseline 0.001 -21"><span class='ocrx_word' id='word_1_140' title='bbox 96 2295 211 2358; x_wconf 88' lang='lat' dir='ltr'>deinde</span> <span class='ocrx_word' id='word_1_141' title='bbox 231 2316 268 2358; x_wconf 90' lang='lat' dir='ltr'>eo</span> <span class='ocrx_word' id='word_1_142' title='bbox 288 2298 381 2378; x_wconf 89' lang='lat' dir='ltr'>pater</span> <span class='ocrx_word' id='word_1_143' title='bbox 398 2294 552 2378; x_wconf 83' lang='lat' dir='ltr'>ignorans</span> <span class='ocrx_word' id='word_1_144' title='bbox 572 2298 605 2357; x_wconf 89' lang='lat' dir='ltr'>et</span> <span class='ocrx_word' id='word_1_145' title='bbox 622 2299 739 2379; x_wconf 87' lang='lat' dir='ltr'>putans</span> <span class='ocrx_word' id='word_1_146' title='bbox 754 2316 846 2358; x_wconf 91' lang='lat' dir='ltr'>suam</span> <span class='ocrx_word' id='word_1_147' title='bbox 861 2316 932 2359; x_wconf 89' lang='lat' dir='ltr'>esse</span> <span class='ocrx_word' id='word_1_148' title='bbox 947 2295 1042 2360; x_wconf 73' lang='lat' dir='ltr'>dedier</span> 
     </span>
     <span class='ocr_line' id='line_1_22' title="bbox 96 2382 1042 2469; baseline 0.001 -23"><span class='ocrx_word' id='word_1_149' title='bbox 96 2404 167 2447; x_wconf 88' lang='lat' dir='ltr'>eam</span> <span class='ocrx_word' id='word_1_150' title='bbox 191 2383 225 2446; x_wconf 91' lang='lat' dir='ltr'>in</span> <span class='ocrx_word' id='word_1_151' title='bbox 247 2383 344 2446; x_wconf 84' lang='lat' dir='ltr'>funus</span> <span class='ocrx_word' id='word_1_152' title='bbox 369 2383 446 2447; x_wconf 88' lang='lat' dir='ltr'>eius.</span> <span class='ocrx_word' id='word_1_153' title='bbox 483 2382 637 2447; x_wconf 88' lang='lat' dir='ltr'>Neratius</span> <span class='ocrx_word' id='word_1_154' title='bbox 655 2383 739 2447; x_wconf 93' lang='lat' dir='ltr'>libro</span> <span class='ocrx_word' id='word_1_155' title='bbox 758 2382 1042 2469; x_wconf 80' lang='lat' dir='ltr'>&lt;...&gt;ltesp0ns01</span> 
     </span>
     <span class='ocr_line' id='line_1_23' title="bbox 96 2472 1042 2556; baseline 0.003 -21"><span class='ocrx_word' id='word_1_156' title='bbox 96 2472 142 2535; x_wconf 87' lang='lat' dir='ltr'>ait</span> <span class='ocrx_word' id='word_1_157' title='bbox 165 2473 199 2535; x_wconf 91' lang='lat' dir='ltr'>in</span> <span class='ocrx_word' id='word_1_158' title='bbox 223 2493 291 2536; x_wconf 90' lang='lat' dir='ltr'>rem</span> <span class='ocrx_word' id='word_1_159' title='bbox 315 2474 418 2556; x_wconf 88' lang='lat' dir='ltr'>patris</span> <span class='ocrx_word' id='word_1_160' title='bbox 443 2493 572 2536; x_wconf 85' lang='lat' dir='ltr'>versum</span> <span class='ocrx_word' id='word_1_161' title='bbox 595 2472 709 2555; x_wconf 86' lang='lat' dir='ltr'>videri,</span> <span class='ocrx_word' id='word_1_162' title='bbox 733 2473 765 2536; x_wconf 92' lang='lat' dir='ltr'>in</span> <span class='ocrx_word' id='word_1_163' title='bbox 790 2472 917 2537; x_wconf 89' lang='lat' dir='ltr'>aotione</span> <span class='ocrx_word' id='word_1_164' title='bbox 942 2480 1042 2538; x_wconf 89' lang='lat' dir='ltr'>autem</span> 
     </span>
     <span class='ocr_line' id='line_1_24' title="bbox 94 2560 1039 2645; baseline 0.002 -22"><span class='ocrx_word' id='word_1_165' title='bbox 94 2561 222 2645; x_wconf 83' lang='lat' dir='ltr'>peculio</span> <span class='ocrx_word' id='word_1_166' title='bbox 251 2560 334 2645; x_wconf 90' lang='lat' dir='ltr'>quod</span> <span class='ocrx_word' id='word_1_167' title='bbox 363 2562 396 2624; x_wconf 91' lang='lat' dir='ltr'>in</span> <span class='ocrx_word' id='word_1_168' title='bbox 424 2582 531 2624; x_wconf 91' lang='lat' dir='ltr'>rerum</span> <span class='ocrx_word' id='word_1_169' title='bbox 559 2564 675 2625; x_wconf 88' lang='lat' dir='ltr'>natura</span> <span class='ocrx_word' id='word_1_170' title='bbox 701 2582 767 2624; x_wconf 91' lang='lat' dir='ltr'>non</span> <span class='ocrx_word' id='word_1_171' title='bbox 794 2563 893 2642; x_wconf 89' lang='lat' dir='ltr'>esset,</span> <span class='ocrx_word' id='word_1_172' title='bbox 917 2583 982 2626; x_wconf 92' lang='lat' dir='ltr'>uno</span> <span class='ocrx_word' id='word_1_173' title='bbox 1011 2584 1039 2625; x_wconf 91' lang='lat' dir='ltr'>m</span> 
     </span>
     <span class='ocr_line' id='line_1_25' title="bbox 96 2648 1042 2736; baseline 0.002 -24"><span class='ocrx_word' id='word_1_174' title='bbox 96 2649 259 2713; x_wconf 86' lang='lat' dir='ltr'>aestimari</span> <span class='ocrx_word' id='word_1_175' title='bbox 293 2650 422 2731; x_wconf 88' lang='lat' dir='ltr'>debere,</span> <span class='ocrx_word' id='word_1_176' title='bbox 454 2649 482 2713; x_wconf 88' lang='lat' dir='ltr'>si</span> <span class='ocrx_word' id='word_1_177' title='bbox 510 2648 584 2713; x_wconf 93' lang='lat' dir='ltr'>dolo</span> <span class='ocrx_word' id='word_1_178' title='bbox 612 2651 697 2714; x_wconf 90' lang='lat' dir='ltr'>malo</span> <span class='ocrx_word' id='word_1_179' title='bbox 727 2649 794 2713; x_wconf 89' lang='lat' dir='ltr'>eius</span> <span class='ocrx_word' id='word_1_180' title='bbox 824 2671 963 2732; x_wconf 81' lang='lat' dir='ltr'>quorum</span> <span class='ocrx_word' id='word_1_181' title='bbox 991 2671 1042 2736; x_wconf 82' lang='lat' dir='ltr'>age</span> 
     </span>
     <span class='ocr_line' id='line_1_26' title="bbox 94 2737 1042 2822; baseline 0.003 -23"><span class='ocrx_word' id='word_1_182' title='bbox 94 2737 217 2800; x_wconf 86' lang='lat' dir='ltr'>factum</span> <span class='ocrx_word' id='word_1_183' title='bbox 237 2742 329 2802; x_wconf 88' lang='lat' dir='ltr'>esset.</span> <span class='ocrx_word' id='word_1_184' title='bbox 367 2738 481 2821; x_wconf 91' lang='lat' dir='ltr'>atquin</span> <span class='ocrx_word' id='word_1_185' title='bbox 501 2737 529 2800; x_wconf 88' lang='lat' dir='ltr'>si</span> <span class='ocrx_word' id='word_1_186' title='bbox 547 2738 613 2801; x_wconf 90' lang='lat' dir='ltr'>filio</span> <span class='ocrx_word' id='word_1_187' title='bbox 633 2742 726 2821; x_wconf 88' lang='lat' dir='ltr'>pater</span> <span class='ocrx_word' id='word_1_188' title='bbox 740 2743 852 2822; x_wconf 83' lang='lat' dir='ltr'>togam</span> <span class='ocrx_word' id='word_1_189' title='bbox 868 2760 973 2804; x_wconf 90' lang='lat' dir='ltr'>emere</span> <span class='ocrx_word' id='word_1_190' title='bbox 988 2739 1042 2803; x_wconf 89' lang='lat' dir='ltr'>deb</span> 
     </span>
     <span class='ocr_line' id='line_1_27' title="bbox 94 2826 1042 2911; baseline 0.003 -22"><span class='ocrx_word' id='word_1_191' title='bbox 94 2826 127 2889; x_wconf 91' lang='lat' dir='ltr'>in</span> <span class='ocrx_word' id='word_1_192' title='bbox 151 2847 218 2888; x_wconf 89' lang='lat' dir='ltr'>rem</span> <span class='ocrx_word' id='word_1_193' title='bbox 242 2826 344 2908; x_wconf 89' lang='lat' dir='ltr'>patris</span> <span class='ocrx_word' id='word_1_194' title='bbox 368 2848 418 2890; x_wconf 91' lang='lat' dir='ltr'>res</span> <span class='ocrx_word' id='word_1_195' title='bbox 442 2847 535 2891; x_wconf 86' lang='lat' dir='ltr'>versa</span> <span class='ocrx_word' id='word_1_196' title='bbox 558 2832 689 2891; x_wconf 88' lang='lat' dir='ltr'>estnon</span> <span class='ocrx_word' id='word_1_197' title='bbox 706 2849 791 2892; x_wconf 88' lang='lat' dir='ltr'>nuno</span> <span class='ocrx_word' id='word_1_198' title='bbox 811 2849 874 2911; x_wconf 91' lang='lat' dir='ltr'>quo</span> <span class='ocrx_word' id='word_1_199' title='bbox 892 2826 1042 2892; x_wconf 51' lang='lat' dir='ltr'>funerati*</span> 
     </span>
     <span class='ocr_line' id='line_1_28' title="bbox 95 2912 1042 2999; baseline 0.004 -23"><span class='ocrx_word' id='word_1_200' title='bbox 95 2912 151 2976; x_wconf 89' lang='lat' dir='ltr'>sed</span> <span class='ocrx_word' id='word_1_201' title='bbox 180 2935 242 2997; x_wconf 91' lang='lat' dir='ltr'>quo</span> <span class='ocrx_word' id='word_1_202' title='bbox 271 2918 415 2999; x_wconf 85' lang='lat' dir='ltr'>tempore</span> <span class='ocrx_word' id='word_1_203' title='bbox 443 2916 534 2998; x_wconf 81' lang='lat' dir='ltr'>emit3</span> <span class='ocrx_word' id='word_1_204' title='bbox 564 2914 659 2979; x_wconf 84' lang='lat' dir='ltr'>funus</span> <span class='ocrx_word' id='word_1_205' title='bbox 689 2916 773 2979; x_wconf 89' lang='lat' dir='ltr'>enim</span> <span class='ocrx_word' id='word_1_206' title='bbox 801 2915 862 2978; x_wconf 88' lang='lat' dir='ltr'>filii</span> <span class='ocrx_word' id='word_1_207' title='bbox 886 2938 941 2981; x_wconf 86' lang='lat' dir='ltr'>aes</span> <span class='ocrx_word' id='word_1_208' title='bbox 966 2916 1042 2982; x_wconf 89' lang='lat' dir='ltr'>alien</span> 
     </span>
     <span class='ocr_line' id='line_1_29' title="bbox 94 3001 1042 3088; baseline 0.005 -24"><span class='ocrx_word' id='word_1_209' title='bbox 94 3001 198 3084; x_wconf 90' lang='lat' dir='ltr'>patris</span> <span class='ocrx_word' id='word_1_210' title='bbox 228 3005 289 3084; x_wconf 85' lang='lat' dir='ltr'>est,</span> <span class='ocrx_word' id='word_1_211' title='bbox 322 3011 354 3066; x_wconf 90' lang='lat' dir='ltr'>et</span> <span class='ocrx_word' id='word_1_212' title='bbox 381 3003 443 3068; x_wconf 88' lang='lat' dir='ltr'>hoe</span> <span class='ocrx_word' id='word_1_213' title='bbox 470 3002 623 3068; x_wconf 87' lang='lat' dir='ltr'>Neratius</span> <span class='ocrx_word' id='word_1_214' title='bbox 653 3025 792 3088; x_wconf 86' lang='lat' dir='ltr'>quoque,</span> <span class='ocrx_word' id='word_1_215' title='bbox 825 3005 879 3088; x_wconf 91' lang='lat' dir='ltr'>qui</span> <span class='ocrx_word' id='word_1_216' title='bbox 909 3005 948 3069; x_wconf 91' lang='lat' dir='ltr'>de</span> <span class='ocrx_word' id='word_1_217' title='bbox 977 3006 1009 3069; x_wconf 92' lang='lat' dir='ltr'>in</span> <span class='ocrx_word' id='word_1_218' title='bbox 1036 3027 1042 3068; x_wconf 88' lang='lat'>1</span> 
     </span>
     <span class='ocr_line' id='line_1_30' title="bbox 96 3093 1016 3178; baseline 0.007 -26"><span class='ocrx_word' id='word_1_219' title='bbox 96 3112 189 3155; x_wconf 87' lang='lat' dir='ltr'>verso</span> <span class='ocrx_word' id='word_1_220' title='bbox 221 3095 346 3174; x_wconf 86' lang='lat' dir='ltr'>patrem</span> <span class='ocrx_word' id='word_1_221' title='bbox 375 3093 479 3156; x_wconf 87' lang='lat' dir='ltr'>teneri</span> <span class='ocrx_word' id='word_1_222' title='bbox 506 3093 647 3177; x_wconf 85' lang='lat' dir='ltr'>putavit,</span> <span class='ocrx_word' id='word_1_223' title='bbox 680 3093 821 3157; x_wconf 90' lang='lat' dir='ltr'>ostendit</span> <span class='ocrx_word' id='word_1_224' title='bbox 848 3094 1016 3178; x_wconf 83' lang='lat' dir='ltr'>negotium</span> 
     </span>
    </p>
   </div>
   <div class='ocr_carea' id='block_1_7' title="bbox 94 3179 1042 3334">
    <p class='ocr_par' dir='ltr' id='par_1_8' title="bbox 94 3179 1042 3334">
     <span class='ocr_line' id='line_1_31' title="bbox 96 3179 1042 3331; baseline 0.005 -89"><span class='ocrx_word' id='word_1_225' title='bbox 96 3179 142 3259; x_wconf 91' lang='lat' dir='ltr'>[id</span> <span class='ocrx_word' id='word_1_226' title='bbox 157 3180 421 3331; x_wconf 49' lang='lat' dir='ltr'>esglsepulturam</span> <span class='ocrx_word' id='word_1_227' title='bbox 437 3186 469 3245; x_wconf 90' lang='lat' dir='ltr'>et</span> <span class='ocrx_word' id='word_1_228' title='bbox 483 3181 580 3246; x_wconf 90' lang='lat' dir='ltr'>funus</span> <span class='ocrx_word' id='word_1_229' title='bbox 594 3182 666 3263; x_wconf 88' lang='lat' dir='ltr'>filii]</span> <span class='ocrx_word' id='word_1_230' title='bbox 681 3182 785 3267; x_wconf 88' lang='lat' dir='ltr'>patris</span> <span class='ocrx_word' id='word_1_231' title='bbox 801 3204 871 3246; x_wconf 89' lang='lat' dir='ltr'>esse</span> <span class='ocrx_word' id='word_1_232' title='bbox 887 3205 942 3247; x_wconf 88' lang='lat' dir='ltr'>aes</span> <span class='ocrx_word' id='word_1_233' title='bbox 956 3184 1042 3247; x_wconf 86' lang='lat' dir='ltr'>alien</span> 
     </span>
     <span class='ocr_line' id='line_1_32' title="bbox 94 3290 250 3334; baseline 0.013 -3"><span class='ocrx_word' id='word_1_234' title='bbox 94 3290 159 3332; x_wconf 91' lang='lat' dir='ltr'>non</span> <span class='ocrx_word' id='word_1_235' title='bbox 217 3291 250 3334; x_wconf 90' lang='lat'>11.</span> 
     </span>
    </p>
   </div>
   <div class='ocr_carea' id='block_1_8' title="bbox 182 3376 1042 3460">
    <p class='ocr_par' dir='ltr' id='par_1_9' title="bbox 182 3376 1042 3460">
     <span class='ocr_line' id='line_1_33' title="bbox 182 3376 1042 3460; baseline 0.008 -24"><span class='ocrx_word' id='word_1_236' title='bbox 182 3379 282 3439; x_wconf 83' lang='lat' dir='ltr'>Eisele</span> <span class='ocrx_word' id='word_1_237' title='bbox 298 3379 328 3437; x_wconf 87' lang='lat' dir='ltr'>Z.</span> <span class='ocrx_word' id='word_1_238' title='bbox 339 3379 365 3438; x_wconf 91' lang='lat' dir='ltr'>d.</span> <span class='ocrx_word' id='word_1_239' title='bbox 377 3379 500 3440; x_wconf 74' lang='lat' dir='ltr'>San-St.</span> <span class='ocrx_word' id='word_1_240' title='bbox 512 3382 562 3455; x_wconf 89' lang='lat' dir='ltr'>XI,</span> <span class='ocrx_word' id='word_1_241' title='bbox 575 3385 607 3442; x_wconf 88' lang='lat'>6:</span> <span class='ocrx_word' id='word_1_242' title='bbox 631 3376 740 3442; x_wconf 77' lang='lat' dir='ltr'>‘Wenn</span> <span class='ocrx_word' id='word_1_243' title='bbox 762 3401 820 3441; x_wconf 90' lang='lat' dir='ltr'>nur</span> <span class='ocrx_word' id='word_1_244' title='bbox 838 3383 924 3443; x_wconf 88' lang='lat' dir='ltr'>nieht</span> <span class='ocrx_word' id='word_1_245' title='bbox 943 3384 995 3443; x_wconf 89' lang='lat' dir='ltr'>der</span> <span class='ocrx_word' id='word_1_246' title='bbox 1012 3401 1042 3460; x_wconf 83' lang='lat' dir='ltr'>gu</span> 
     </span>
    </p>
   </div>
   <div class='ocr_carea' id='block_1_9' title="bbox 94 3467 1016 3632">
    <p class='ocr_par' dir='ltr' id='par_1_10' title="bbox 94 3467 1016 3632">
     <span class='ocr_line' id='line_1_34' title="bbox 94 3467 1016 3548; baseline 0.009 -24"><span class='ocrx_word' id='word_1_247' title='bbox 94 3467 218 3527; x_wconf 87' lang='lat' dir='ltr'>Passus:</span> <span class='ocrx_word' id='word_1_248' title='bbox 251 3471 282 3527; x_wconf 91' lang='lat' dir='ltr'>et</span> <span class='ocrx_word' id='word_1_249' title='bbox 313 3469 368 3527; x_wconf 89' lang='lat' dir='ltr'>hoo</span> <span class='ocrx_word' id='word_1_250' title='bbox 395 3469 536 3529; x_wconf 87' lang='lat' dir='ltr'>Neratius</span> <span class='ocrx_word' id='word_1_251' title='bbox 566 3490 682 3548; x_wconf 91' lang='lat' dir='ltr'>quoque</span> <span class='ocrx_word' id='word_1_252' title='bbox 779 3490 840 3531; x_wconf 90' lang='lat' dir='ltr'>non</span> <span class='ocrx_word' id='word_1_253' title='bbox 872 3472 928 3531; x_wconf 88' lang='lat' dir='ltr'>filii</span> <span class='ocrx_word' id='word_1_254' title='bbox 957 3492 1016 3532; x_wconf 85' lang='lat' dir='ltr'>von</span> 
     </span>
     <span class='ocr_line' id='line_1_35' title="bbox 94 3552 403 3632; baseline 0.013 -19"><span class='ocrx_word' id='word_1_255' title='bbox 94 3555 321 3632; x_wconf 86' lang='lat' dir='ltr'>Kompilatoren</span> <span class='ocrx_word' id='word_1_256' title='bbox 343 3552 403 3617; x_wconf 85' lang='lat' dir='ltr'>ist&#39;.</span> 
     </span>
    </p>
   </div>
   <div class='ocr_carea' id='block_1_10' title="bbox 0 0 1216 3976">
    <p class='ocr_par' dir='ltr' id='par_1_11' title="bbox 0 0 1216 3976">
     <span class='ocr_line' id='line_1_36' title="bbox 0 0 1216 3976; baseline 0 0"><span class='ocrx_word' id='word_1_257' title='bbox 0 0 1216 3976; x_wconf 95' lang='lat' dir='ltr'> </span> 
     </span>
    </p>
   </div>
  </div>
 </body>
</html>
