<?xml version="1.0" encoding="UTF-8"?>
<!DOCTYPE html PUBLIC "-//W3C//DTD XHTML 1.0 Transitional//EN"
    "http://www.w3.org/TR/xhtml1/DTD/xhtml1-transitional.dtd">
<html xmlns="http://www.w3.org/1999/xhtml" xml:lang="en" lang="en">
 <head>
  <title>
</title>
<meta http-equiv="Content-Type" content="text/html;charset=utf-8" />
  <meta name='ocr-system' content='tesseract 3.04.00' />
  <meta name='ocr-capabilities' content='ocr_page ocr_carea ocr_par ocr_line ocrx_word'/>
</head>
<body>
  <div class='ocr_page' id='page_1' title='image "./iurisprudentiae01bremgoog_0382.png"; bbox 0 0 2422 3976; ppageno 0'>
   <div class='ocr_carea' id='block_1_1' title="bbox 395 166 1121 234">
    <p class='ocr_par' dir='ltr' id='par_1_1' title="bbox 395 166 1121 234">
     <span class='ocr_line' id='line_1_1' title="bbox 395 166 1121 234; baseline 0.018 -12"><span class='ocrx_word' id='word_1_1' title='bbox 395 175 420 223; x_wconf 81' lang='lat'>4.</span> <span class='ocrx_word' id='word_1_2' title='bbox 443 168 474 223; x_wconf 87' lang='lat' dir='ltr'>L.</span> <span class='ocrx_word' id='word_1_3' title='bbox 493 166 677 224; x_wconf 80' lang='lat' dir='ltr'>NltltATIUS</span> <span class='ocrx_word' id='word_1_4' title='bbox 695 167 844 224; x_wconf 80' lang='lat' dir='ltr'>PRISCUS</span> <span class='ocrx_word' id='word_1_5' title='bbox 1057 169 1121 234; x_wconf 76' lang='lat'>347</span> 
     </span>
    </p>
   </div>
   <div class='ocr_carea' id='block_1_2' title="bbox 118 328 1122 2276">
    <p class='ocr_par' dir='ltr' id='par_1_2' title="bbox 128 328 1122 504">
     <span class='ocr_line' id='line_1_2' title="bbox 128 328 1122 416; baseline 0.008 -24"><span class='ocrx_word' id='word_1_6' title='bbox 128 329 257 394; x_wconf 88' lang='lat' dir='ltr'>nonium</span> <span class='ocrx_word' id='word_1_7' title='bbox 284 328 430 395; x_wconf 82' lang='lat' dir='ltr'>futurum</span> <span class='ocrx_word' id='word_1_8' title='bbox 457 352 523 397; x_wconf 91' lang='lat' dir='ltr'>non</span> <span class='ocrx_word' id='word_1_9' title='bbox 550 331 602 397; x_wconf 85' lang='lat' dir='ltr'>sit</span> <span class='ocrx_word' id='word_1_10' title='bbox 647 330 744 416; x_wconf 90' lang='lat' dir='ltr'>idque</span> <span class='ocrx_word' id='word_1_11' title='bbox 772 335 805 396; x_wconf 92' lang='lat' dir='ltr'>et</span> <span class='ocrx_word' id='word_1_12' title='bbox 828 330 976 398; x_wconf 75' lang='lat' dir='ltr'><strong>Aristoni</strong></span> <span class='ocrx_word' id='word_1_13' title='bbox 1002 338 1037 400; x_wconf 86' lang='lat' dir='ltr'>et</span> <span class='ocrx_word' id='word_1_14' title='bbox 1058 333 1122 400; x_wconf 93' lang='lat' dir='ltr'>Ne·</span> 
     </span>
     <span class='ocr_line' id='line_1_3' title="bbox 128 416 594 504; baseline 0.009 -23"><span class='ocrx_word' id='word_1_15' title='bbox 128 416 198 483; x_wconf 83' lang='lat' dir='ltr'>retio</span> <span class='ocrx_word' id='word_1_16' title='bbox 220 421 253 482; x_wconf 90' lang='lat' dir='ltr'>et</span> <span class='ocrx_word' id='word_1_17' title='bbox 274 416 456 503; x_wconf 89' lang='lat' dir='ltr'>Pomponio</span> <span class='ocrx_word' id='word_1_18' title='bbox 479 421 594 504; x_wconf 84' lang='lat' dir='ltr'>placet</span> 
     </span>
    </p>

    <p class='ocr_par' dir='ltr' id='par_1_3' title="bbox 126 505 1121 1813">
     <span class='ocr_line' id='line_1_4' title="bbox 201 505 1121 596; baseline 0.005 -24"><span class='ocrx_word' id='word_1_19' title='bbox 201 507 254 572; x_wconf 88' lang='lat'>40.</span> <span class='ocrx_word' id='word_1_20' title='bbox 271 505 311 572; x_wconf 93' lang='lat' dir='ltr'>D.</span> <span class='ocrx_word' id='word_1_21' title='bbox 323 509 374 593; x_wconf 92' lang='lat' dir='ltr'>ll,</span> <span class='ocrx_word' id='word_1_22' title='bbox 385 509 414 592; x_wconf 80' lang='lat'>7,</span> <span class='ocrx_word' id='word_1_23' title='bbox 424 508 468 573; x_wconf 80' lang='lat'>20</span> <span class='ocrx_word' id='word_1_24' title='bbox 476 530 524 592; x_wconf 89' lang='lat' dir='ltr'>pr.</span> <span class='ocrx_word' id='word_1_25' title='bbox 552 508 642 574; x_wconf 86' lang='lat' dir='ltr'>Idem</span> <span class='ocrx_word' id='word_1_26' title='bbox 657 506 715 594; x_wconf 88' lang='lat' dir='ltr'>(so.</span> <span class='ocrx_word' id='word_1_27' title='bbox 726 506 901 596; x_wconf 81' lang='lat' dir='ltr'>Ulpianus)</span> <span class='ocrx_word' id='word_1_28' title='bbox 916 511 1000 576; x_wconf 90' lang='lat' dir='ltr'>libro</span> <span class='ocrx_word' id='word_1_29' title='bbox 1014 511 1121 577; x_wconf 83' lang='lat' dir='ltr'>vicen-</span> 
     </span>
     <span class='ocr_line' id='line_1_5' title="bbox 130 593 1121 685; baseline 0.006 -26"><span class='ocrx_word' id='word_1_30' title='bbox 130 593 196 661; x_wconf 87' lang='lat' dir='ltr'>simo</span> <span class='ocrx_word' id='word_1_31' title='bbox 217 594 331 680; x_wconf 89' lang='lat' dir='ltr'>quinto</span> <span class='ocrx_word' id='word_1_32' title='bbox 350 595 391 661; x_wconf 83' lang='lat' dir='ltr'>ad</span> <span class='ocrx_word' id='word_1_33' title='bbox 410 596 550 663; x_wconf 84' lang='lat' dir='ltr'>edietum</span> <span class='ocrx_word' id='word_1_34' title='bbox 569 594 620 685; x_wconf 90' lang='lat' dir='ltr'>(P.</span> <span class='ocrx_word' id='word_1_35' title='bbox 632 595 732 685; x_wconf 79' lang='lat'><strong>753⁰).</strong></span> <span class='ocrx_word' id='word_1_36' title='bbox 752 633 794 644; x_wconf 92' lang='lat'>-</span> <span class='ocrx_word' id='word_1_37' title='bbox 813 597 966 663; x_wconf 79' lang='lat' dir='ltr'><strong>Neratius</strong></span> <span class='ocrx_word' id='word_1_38' title='bbox 985 602 1121 684; x_wconf 83' lang='lat' dir='ltr'>quaerit,</span> 
     </span>
     <span class='ocr_line' id='line_1_6' title="bbox 131 682 1118 771; baseline 0.009 -25"><span class='ocrx_word' id='word_1_39' title='bbox 131 682 204 769; x_wconf 84' lang='lat' dir='ltr'>siis,</span> <span class='ocrx_word' id='word_1_40' title='bbox 225 684 283 770; x_wconf 86' lang='lat' dir='ltr'>qui</span> <span class='ocrx_word' id='word_1_41' title='bbox 305 683 414 750; x_wconf 89' lang='lat' dir='ltr'>dotem</span> <span class='ocrx_word' id='word_1_42' title='bbox 437 685 568 751; x_wconf 80' lang='lat' dir='ltr'>dederat</span> <span class='ocrx_word' id='word_1_43' title='bbox 591 708 649 770; x_wconf 90' lang='lat' dir='ltr'>pro</span> <span class='ocrx_word' id='word_1_44' title='bbox 673 686 817 770; x_wconf 88' lang='lat' dir='ltr'>muliere,</span> <span class='ocrx_word' id='word_1_45' title='bbox 840 686 1016 771; x_wconf 86' lang='lat' dir='ltr'>stipulatus</span> <span class='ocrx_word' id='word_1_46' title='bbox 1041 690 1118 771; x_wconf 87' lang='lat' dir='ltr'>[est]</span> 
     </span>
     <span class='ocr_line' id='line_1_7' title="bbox 131 767 1120 860; baseline 0.008 -26"><span class='ocrx_word' id='word_1_47' title='bbox 131 767 192 837; x_wconf 85' lang='lat' dir='ltr'>does</span> <span class='ocrx_word' id='word_1_48' title='bbox 203 776 312 857; x_wconf 81' lang='lat' dir='ltr'>partes</span> <span class='ocrx_word' id='word_1_49' title='bbox 326 773 410 838; x_wconf 89' lang='lat' dir='ltr'>dotis</span> <span class='ocrx_word' id='word_1_50' title='bbox 425 774 524 859; x_wconf 85' lang='lat' dir='ltr'>reddi,</span> <span class='ocrx_word' id='word_1_51' title='bbox 537 777 668 840; x_wconf 79' lang='lat' dir='ltr'>tertiam</span> <span class='ocrx_word' id='word_1_52' title='bbox 683 773 769 860; x_wconf 85' lang='lat' dir='ltr'>apud</span> <span class='ocrx_word' id='word_1_53' title='bbox 784 776 935 840; x_wconf 89' lang='lat' dir='ltr'>maritum</span> <span class='ocrx_word' id='word_1_54' title='bbox 945 798 1120 859; x_wconf 87' lang='lat' dir='ltr'>remanere,</span> 
     </span>
     <span class='ocr_line' id='line_1_8' title="bbox 130 861 1121 950; baseline 0.005 -25"><span class='ocrx_word' id='word_1_55' title='bbox 130 863 224 940; x_wconf 81' lang='lat' dir='ltr'>portus</span> <span class='ocrx_word' id='word_1_56' title='bbox 256 861 314 947; x_wconf 89' lang='lat' dir='ltr'>sit,</span> <span class='ocrx_word' id='word_1_57' title='bbox 344 883 386 926; x_wconf 87' lang='lat' dir='ltr'>ne</span> <span class='ocrx_word' id='word_1_58' title='bbox 417 863 493 947; x_wconf 89' lang='lat' dir='ltr'>quid</span> <span class='ocrx_word' id='word_1_59' title='bbox 523 864 659 929; x_wconf 83' lang='lat' dir='ltr'>meritus</span> <span class='ocrx_word' id='word_1_60' title='bbox 687 865 721 929; x_wconf 92' lang='lat' dir='ltr'>in</span> <span class='ocrx_word' id='word_1_61' title='bbox 748 863 844 928; x_wconf 87' lang='lat' dir='ltr'>funus</span> <span class='ocrx_word' id='word_1_62' title='bbox 873 864 1045 950; x_wconf 85' lang='lat' dir='ltr'>conferret,</span> <span class='ocrx_word' id='word_1_63' title='bbox 1077 887 1121 930; x_wconf 86' lang='lat' dir='ltr'>an</span> 
     </span>
     <span class='ocr_line' id='line_1_9' title="bbox 130 944 1120 1038; baseline 0.005 -25"><span class='ocrx_word' id='word_1_64' title='bbox 130 944 273 1015; x_wconf 73' lang='lat' dir='ltr'>feneraris</span> <span class='ocrx_word' id='word_1_65' title='bbox 305 951 439 1016; x_wconf 85' lang='lat' dir='ltr'>moritus</span> <span class='ocrx_word' id='word_1_66' title='bbox 471 956 628 1018; x_wconf 88' lang='lat' dir='ltr'>teneatur.</span> <span class='ocrx_word' id='word_1_67' title='bbox 679 957 711 1017; x_wconf 89' lang='lat' dir='ltr'>et</span> <span class='ocrx_word' id='word_1_68' title='bbox 744 953 803 1037; x_wconf 89' lang='lat' dir='ltr'>ait,</span> <span class='ocrx_word' id='word_1_69' title='bbox 836 952 863 1017; x_wconf 92' lang='lat' dir='ltr'>si</span> <span class='ocrx_word' id='word_1_70' title='bbox 894 953 1023 1037; x_wconf 89' lang='lat' dir='ltr'>quidem</span> <span class='ocrx_word' id='word_1_71' title='bbox 1050 954 1120 1038; x_wconf 89' lang='lat' dir='ltr'>ipse</span> 
     </span>
     <span class='ocr_line' id='line_1_10' title="bbox 131 1036 1120 1126; baseline 0.008 -27"><span class='ocrx_word' id='word_1_72' title='bbox 131 1036 281 1121; x_wconf 73' lang='lat' dir='ltr'>stipulator</span> <span class='ocrx_word' id='word_1_73' title='bbox 304 1039 472 1105; x_wconf 90' lang='lat' dir='ltr'>mulierem</span> <span class='ocrx_word' id='word_1_74' title='bbox 496 1041 665 1125; x_wconf 85' lang='lat' dir='ltr'>funeravit,</span> <span class='ocrx_word' id='word_1_75' title='bbox 688 1041 794 1107; x_wconf 85' lang='lat' dir='ltr'>locum</span> <span class='ocrx_word' id='word_1_76' title='bbox 818 1062 887 1105; x_wconf 89' lang='lat' dir='ltr'>esse</span> <span class='ocrx_word' id='word_1_77' title='bbox 905 1047 1000 1126; x_wconf 86' lang='lat' dir='ltr'>paeto</span> <span class='ocrx_word' id='word_1_78' title='bbox 1020 1046 1053 1107; x_wconf 90' lang='lat' dir='ltr'>et</span> <span class='ocrx_word' id='word_1_79' title='bbox 1071 1043 1120 1107; x_wconf 91' lang='lat' dir='ltr'>in-</span> 
     </span>
     <span class='ocr_line' id='line_1_11' title="bbox 130 1126 1120 1216; baseline 0.008 -28"><span class='ocrx_word' id='word_1_80' title='bbox 130 1126 220 1192; x_wconf 85' lang='lat' dir='ltr'>utilem</span> <span class='ocrx_word' id='word_1_81' title='bbox 254 1129 286 1192; x_wconf 87' lang='lat' dir='ltr'>ei</span> <span class='ocrx_word' id='word_1_82' title='bbox 317 1127 513 1193; x_wconf 80' lang='lat' dir='ltr'>funerariam</span> <span class='ocrx_word' id='word_1_83' title='bbox 546 1129 629 1215; x_wconf 88' lang='lat' dir='ltr'>fore;</span> <span class='ocrx_word' id='word_1_84' title='bbox 666 1130 695 1194; x_wconf 91' lang='lat' dir='ltr'>si</span> <span class='ocrx_word' id='word_1_85' title='bbox 727 1151 804 1194; x_wconf 85' lang='lat' dir='ltr'>vero</span> <span class='ocrx_word' id='word_1_86' title='bbox 837 1130 918 1195; x_wconf 86' lang='lat' dir='ltr'>alius</span> <span class='ocrx_word' id='word_1_87' title='bbox 950 1130 1120 1216; x_wconf 82' lang='lat' dir='ltr'>funeravit,</span> 
     </span>
     <span class='ocr_line' id='line_1_12' title="bbox 129 1217 1119 1310; baseline 0.009 -34"><span class='ocrx_word' id='word_1_88' title='bbox 129 1229 206 1310; x_wconf 80' lang='lat' dir='ltr'>posse</span> <span class='ocrx_word' id='word_1_89' title='bbox 223 1238 296 1282; x_wconf 89' lang='lat' dir='ltr'>eum</span> <span class='ocrx_word' id='word_1_90' title='bbox 311 1217 465 1282; x_wconf 86' lang='lat' dir='ltr'>maritum</span> <span class='ocrx_word' id='word_1_91' title='bbox 480 1218 659 1303; x_wconf 84' lang='lat' dir='ltr'>convenire,</span> <span class='ocrx_word' id='word_1_92' title='bbox 678 1220 753 1302; x_wconf 86' lang='lat' dir='ltr'>quia</span> <span class='ocrx_word' id='word_1_93' title='bbox 767 1222 864 1303; x_wconf 85' lang='lat' dir='ltr'>poeto</span> <span class='ocrx_word' id='word_1_94' title='bbox 878 1217 941 1284; x_wconf 88' lang='lat' dir='ltr'>hoe</span> <span class='ocrx_word' id='word_1_95' title='bbox 955 1219 1119 1302; x_wconf 80' lang='lat' dir='ltr'>publicum</span> 
     </span>
     <span class='ocr_line' id='line_1_13' title="bbox 128 1303 1119 1393; baseline 0.006 -26"><span class='ocrx_word' id='word_1_96' title='bbox 128 1318 166 1366; x_wconf 82' lang='lat' dir='ltr'>lus</span> <span class='ocrx_word' id='word_1_97' title='bbox 183 1303 315 1390; x_wconf 81' lang='lat' dir='ltr'>infringi</span> <span class='ocrx_word' id='word_1_98' title='bbox 334 1326 401 1370; x_wconf 90' lang='lat' dir='ltr'>non</span> <span class='ocrx_word' id='word_1_99' title='bbox 418 1306 532 1390; x_wconf 87' lang='lat' dir='ltr'>possit.</span> <span class='ocrx_word' id='word_1_100' title='bbox 569 1307 646 1393; x_wconf 92' lang='lat' dir='ltr'>quid</span> <span class='ocrx_word' id='word_1_101' title='bbox 664 1310 774 1371; x_wconf 86' lang='lat' dir='ltr'>tamen</span> <span class='ocrx_word' id='word_1_102' title='bbox 794 1308 821 1371; x_wconf 91' lang='lat' dir='ltr'>si</span> <span class='ocrx_word' id='word_1_103' title='bbox 840 1306 911 1390; x_wconf 90' lang='lat' dir='ltr'>quis</span> <span class='ocrx_word' id='word_1_104' title='bbox 929 1307 1038 1372; x_wconf 90' lang='lat' dir='ltr'>dotem</span> <span class='ocrx_word' id='word_1_105' title='bbox 1057 1308 1119 1373; x_wconf 85' lang='lat' dir='ltr'>hoe</span> 
     </span>
     <span class='ocr_line' id='line_1_14' title="bbox 128 1384 1117 1481; baseline 0.004 -25"><span class='ocrx_word' id='word_1_106' title='bbox 128 1384 182 1475; x_wconf 68' lang='lat' dir='ltr'>lege</span> <span class='ocrx_word' id='word_1_107' title='bbox 207 1393 329 1459; x_wconf 82' lang='lat' dir='ltr'>dederit</span> <span class='ocrx_word' id='word_1_108' title='bbox 356 1416 415 1479; x_wconf 90' lang='lat' dir='ltr'>pro</span> <span class='ocrx_word' id='word_1_109' title='bbox 443 1395 591 1480; x_wconf 90' lang='lat' dir='ltr'>muliere,</span> <span class='ocrx_word' id='word_1_110' title='bbox 619 1399 656 1461; x_wconf 90' lang='lat' dir='ltr'>ut</span> <span class='ocrx_word' id='word_1_111' title='bbox 681 1395 721 1460; x_wconf 89' lang='lat' dir='ltr'>ad</span> <span class='ocrx_word' id='word_1_112' title='bbox 744 1396 850 1480; x_wconf 89' lang='lat' dir='ltr'>ipsum</span> <span class='ocrx_word' id='word_1_113' title='bbox 873 1395 1006 1481; x_wconf 85' lang='lat' dir='ltr'>rediret,</span> <span class='ocrx_word' id='word_1_114' title='bbox 1032 1396 1117 1462; x_wconf 89' lang='lat' dir='ltr'>siin</span> 
     </span>
     <span class='ocr_line' id='line_1_15' title="bbox 128 1481 1117 1568; baseline 0.009 -27"><span class='ocrx_word' id='word_1_115' title='bbox 128 1481 314 1547; x_wconf 81' lang='lat' dir='ltr'>matrimonio</span> <span class='ocrx_word' id='word_1_116' title='bbox 346 1486 476 1549; x_wconf 86' lang='lat' dir='ltr'>mortua</span> <span class='ocrx_word' id='word_1_117' title='bbox 508 1490 607 1567; x_wconf 88' lang='lat' dir='ltr'>esset,</span> <span class='ocrx_word' id='word_1_118' title='bbox 639 1486 695 1550; x_wconf 87' lang='lat' dir='ltr'>aut</span> <span class='ocrx_word' id='word_1_119' title='bbox 727 1505 855 1568; x_wconf 92' lang='lat' dir='ltr'>quoquo</span> <span class='ocrx_word' id='word_1_120' title='bbox 887 1484 982 1549; x_wconf 91' lang='lat' dir='ltr'>modo</span> <span class='ocrx_word' id='word_1_121' title='bbox 1011 1485 1117 1550; x_wconf 88' lang='lat' dir='ltr'>soluto</span> 
     </span>
     <span class='ocr_line' id='line_1_16' title="bbox 127 1569 1117 1656; baseline 0.009 -26"><span class='ocrx_word' id='word_1_122' title='bbox 127 1569 337 1637; x_wconf 79' lang='lat' dir='ltr'>matrimonio?</span> <span class='ocrx_word' id='word_1_123' title='bbox 381 1573 536 1656; x_wconf 88' lang='lat' dir='ltr'>numquid</span> <span class='ocrx_word' id='word_1_124' title='bbox 570 1573 623 1638; x_wconf 87' lang='lat' dir='ltr'>hie</span> <span class='ocrx_word' id='word_1_125' title='bbox 655 1574 691 1638; x_wconf 91' lang='lat' dir='ltr'>in</span> <span class='ocrx_word' id='word_1_126' title='bbox 721 1573 818 1637; x_wconf 90' lang='lat' dir='ltr'>funus</span> <span class='ocrx_word' id='word_1_127' title='bbox 850 1593 915 1638; x_wconf 89' lang='lat' dir='ltr'>non</span> <span class='ocrx_word' id='word_1_128' title='bbox 947 1572 1117 1639; x_wconf 79' lang='lat' dir='ltr'>conferat?</span> 
     </span>
     <span class='ocr_line' id='line_1_17' title="bbox 128 1654 1117 1747; baseline 0.007 -26"><span class='ocrx_word' id='word_1_129' title='bbox 128 1654 168 1719; x_wconf 69' lang='lat' dir='ltr'>ted</span> <span class='ocrx_word' id='word_1_130' title='bbox 187 1680 257 1723; x_wconf 88' lang='lat' dir='ltr'>eom</span> <span class='ocrx_word' id='word_1_131' title='bbox 278 1658 337 1724; x_wconf 91' lang='lat' dir='ltr'>dos</span> <span class='ocrx_word' id='word_1_132' title='bbox 355 1664 460 1725; x_wconf 90' lang='lat' dir='ltr'>morte</span> <span class='ocrx_word' id='word_1_133' title='bbox 479 1662 623 1726; x_wconf 89' lang='lat' dir='ltr'>mulieris</span> <span class='ocrx_word' id='word_1_134' title='bbox 644 1661 684 1726; x_wconf 87' lang='lat' dir='ltr'>ad</span> <span class='ocrx_word' id='word_1_135' title='bbox 703 1683 776 1725; x_wconf 90' lang='lat' dir='ltr'>eum</span> <span class='ocrx_word' id='word_1_136' title='bbox 794 1663 987 1747; x_wconf 86' lang='lat' dir='ltr'>pervenerit,</span> <span class='ocrx_word' id='word_1_137' title='bbox 1007 1666 1117 1746; x_wconf 90' lang='lat' dir='ltr'>potest</span> 
     </span>
     <span class='ocr_line' id='line_1_18' title="bbox 126 1736 443 1813; baseline 0.028 -10"><span class='ocrx_word' id='word_1_138' title='bbox 126 1736 173 1810; x_wconf 85' lang='lat' dir='ltr'>diei</span> <span class='ocrx_word' id='word_1_139' title='bbox 194 1747 337 1813; x_wconf 82' lang='lat' dir='ltr'>conferre</span> <span class='ocrx_word' id='word_1_140' title='bbox 360 1769 443 1813; x_wconf 89' lang='lat' dir='ltr'>eum.</span> 
     </span>
    </p>

    <p class='ocr_par' dir='ltr' id='par_1_4' title="bbox 118 1835 1116 2276">
     <span class='ocr_line' id='line_1_19' title="bbox 194 1835 1114 1922; baseline 0.004 -21"><span class='ocrx_word' id='word_1_141' title='bbox 194 1838 245 1902; x_wconf 88' lang='lat'>41.</span> <span class='ocrx_word' id='word_1_142' title='bbox 274 1835 312 1901; x_wconf 89' lang='lat' dir='ltr'>D.</span> <span class='ocrx_word' id='word_1_143' title='bbox 326 1837 379 1918; x_wconf 84' lang='lat'>24,</span> <span class='ocrx_word' id='word_1_144' title='bbox 394 1838 424 1913; x_wconf 87' lang='lat'>3,</span> <span class='ocrx_word' id='word_1_145' title='bbox 440 1837 490 1918; x_wconf 81' lang='grc'>17,</span> <span class='ocrx_word' id='word_1_146' title='bbox 504 1838 533 1902; x_wconf 80' lang='grc'>2.</span> <span class='ocrx_word' id='word_1_147' title='bbox 579 1837 699 1903; x_wconf 81' lang='lat' dir='ltr'>Paulus</span> <span class='ocrx_word' id='word_1_148' title='bbox 722 1837 806 1903; x_wconf 91' lang='lat' dir='ltr'>libro</span> <span class='ocrx_word' id='word_1_149' title='bbox 830 1838 968 1922; x_wconf 92' lang='lat' dir='ltr'>septimo</span> <span class='ocrx_word' id='word_1_150' title='bbox 992 1840 1033 1904; x_wconf 82' lang='lat' dir='ltr'>ad</span> <span class='ocrx_word' id='word_1_151' title='bbox 1057 1837 1114 1906; x_wconf 84' lang='lat' dir='ltr'>Sa-</span> 
     </span>
     <span class='ocr_line' id='line_1_20' title="bbox 124 1913 1116 2028; baseline 0.006 -41"><span class='ocrx_word' id='word_1_152' title='bbox 124 1913 218 2017; x_wconf 67' lang='lat' dir='ltr'>tinum</span> <span class='ocrx_word' id='word_1_153' title='bbox 240 1923 288 2010; x_wconf 90' lang='lat' dir='ltr'>(P.</span> <span class='ocrx_word' id='word_1_154' title='bbox 306 1922 431 2028; x_wconf 67' lang='lat' dir='ltr'>llddb).</span> <span class='ocrx_word' id='word_1_155' title='bbox 457 1962 494 1973; x_wconf 92' lang='lat'>—</span> <span class='ocrx_word' id='word_1_156' title='bbox 521 1923 556 1990; x_wconf 87' lang='lat' dir='ltr'>Si</span> <span class='ocrx_word' id='word_1_157' title='bbox 582 1925 617 1990; x_wconf 94' lang='lat' dir='ltr'>in</span> <span class='ocrx_word' id='word_1_158' title='bbox 640 1925 760 1992; x_wconf 85' lang='lat' dir='ltr'>iudicio</span> <span class='ocrx_word' id='word_1_159' title='bbox 782 1929 830 1992; x_wconf 81' lang='lat' dir='ltr'>rei</span> <span class='ocrx_word' id='word_1_160' title='bbox 850 1925 999 1993; x_wconf 60' lang='lat' dir='ltr'>uxoreae</span> <span class='ocrx_word' id='word_1_161' title='bbox 1020 1929 1116 1993; x_wconf 84' lang='lat' dir='ltr'>iudex</span> 
     </span>
     <span class='ocr_line' id='line_1_21' title="bbox 120 2014 1115 2188; baseline 0.008 -28"><span class='ocrx_word' id='word_1_162' title='bbox 120 2014 1115 2188; x_wconf 56' lang='grc' dir='ltr'>11111111113311111ῐῖ111110111</span> 
     </span>
     <span class='ocr_line' id='line_1_22' title="bbox 118 2186 549 2276; baseline 0.012 -25"><span class='ocrx_word' id='word_1_163' title='bbox 118 2186 197 2255; x_wconf 79' lang='lat' dir='ltr'>aiunt</span> <span class='ocrx_word' id='word_1_164' title='bbox 218 2212 319 2276; x_wconf 86' lang='lat' dir='ltr'>eaque</span> <span class='ocrx_word' id='word_1_165' title='bbox 342 2195 449 2256; x_wconf 88' lang='lat' dir='ltr'>tutum</span> <span class='ocrx_word' id='word_1_166' title='bbox 471 2190 549 2256; x_wconf 86' lang='lat' dir='ltr'>fore.</span> 
     </span>
    </p>
   </div>
   <div class='ocr_carea' id='block_1_3' title="bbox 267 2373 949 2434">
    <p class='ocr_par' dir='ltr' id='par_1_5' title="bbox 267 2373 949 2434">
     <span class='ocr_line' id='line_1_23' title="bbox 267 2373 949 2434; baseline 0.001 -3"><span class='ocrx_word' id='word_1_167' title='bbox 267 2373 315 2432; x_wconf 86' lang='lat' dir='ltr'>De</span> <span class='ocrx_word' id='word_1_168' title='bbox 336 2374 539 2433; x_wconf 68' lang='lat' dir='ltr'>donationibus</span> <span class='ocrx_word' id='word_1_169' title='bbox 560 2375 635 2433; x_wconf 70' lang='lat' dir='ltr'>inter</span> <span class='ocrx_word' id='word_1_170' title='bbox 657 2377 753 2434; x_wconf 79' lang='lat' dir='ltr'>virum</span> <span class='ocrx_word' id='word_1_171' title='bbox 776 2379 802 2433; x_wconf 78' lang='lat' dir='ltr'>et</span> <span class='ocrx_word' id='word_1_172' title='bbox 823 2391 949 2433; x_wconf 74' lang='lat' dir='ltr'>uxoreo.</span> 
     </span>
    </p>
   </div>
   <div class='ocr_carea' id='block_1_4' title="bbox 96 2491 1113 3198">
    <p class='ocr_par' dir='ltr' id='par_1_6' title="bbox 96 2491 1113 3198">
     <span class='ocr_line' id='line_1_24' title="bbox 191 2491 1113 2578; baseline 0 -21"><span class='ocrx_word' id='word_1_173' title='bbox 191 2492 244 2557; x_wconf 84' lang='lat'>42.</span> <span class='ocrx_word' id='word_1_174' title='bbox 264 2491 303 2556; x_wconf 92' lang='lat' dir='ltr'>D.</span> <span class='ocrx_word' id='word_1_175' title='bbox 312 2492 364 2574; x_wconf 87' lang='lat'>24,</span> <span class='ocrx_word' id='word_1_176' title='bbox 376 2492 441 2575; x_wconf 82' lang='lat'>1,5,</span> <span class='ocrx_word' id='word_1_177' title='bbox 449 2491 479 2556; x_wconf 83' lang='lat'>5.</span> <span class='ocrx_word' id='word_1_178' title='bbox 507 2491 665 2575; x_wconf 82' lang='lat' dir='ltr'>Ulpianus</span> <span class='ocrx_word' id='word_1_179' title='bbox 676 2493 760 2557; x_wconf 91' lang='lat' dir='ltr'>libro</span> <span class='ocrx_word' id='word_1_180' title='bbox 770 2493 959 2578; x_wconf 86' lang='lat' dir='ltr'>trigensimo</span> <span class='ocrx_word' id='word_1_181' title='bbox 976 2492 1113 2557; x_wconf 86' lang='lat' dir='ltr'>secundo</span> 
     </span>
     <span class='ocr_line' id='line_1_25' title="bbox 107 2576 1113 2667; baseline 0 -22"><span class='ocrx_word' id='word_1_182' title='bbox 107 2579 145 2645; x_wconf 79' lang='lat' dir='ltr'>ad</span> <span class='ocrx_word' id='word_1_183' title='bbox 172 2576 330 2646; x_wconf 84' lang='lat' dir='ltr'>Sabinum</span> <span class='ocrx_word' id='word_1_184' title='bbox 356 2576 406 2667; x_wconf 90' lang='lat' dir='ltr'>(P.</span> <span class='ocrx_word' id='word_1_185' title='bbox 424 2577 551 2664; x_wconf 64' lang='lat'>276412).</span> <span class='ocrx_word' id='word_1_186' title='bbox 571 2615 613 2626; x_wconf 92' lang='lat'>-</span> <span class='ocrx_word' id='word_1_187' title='bbox 637 2579 792 2646; x_wconf 82' lang='lat' dir='ltr'>Neratius</span> <span class='ocrx_word' id='word_1_188' title='bbox 894 2581 1113 2645; x_wconf 84' lang='lat' dir='ltr'>venditionem</span> 
     </span>
     <span class='ocr_line' id='line_1_26' title="bbox 106 2667 1113 2735; baseline 0.001 -2"><span class='ocrx_word' id='word_1_189' title='bbox 106 2667 289 2735; x_wconf 82' lang='lat' dir='ltr'>donationis</span> <span class='ocrx_word' id='word_1_190' title='bbox 309 2690 406 2733; x_wconf 85' lang='lat' dir='ltr'>causa</span> <span class='ocrx_word' id='word_1_191' title='bbox 423 2668 510 2734; x_wconf 89' lang='lat' dir='ltr'>inter</span> <span class='ocrx_word' id='word_1_192' title='bbox 528 2670 633 2734; x_wconf 88' lang='lat' dir='ltr'>virum</span> <span class='ocrx_word' id='word_1_193' title='bbox 652 2673 686 2733; x_wconf 92' lang='lat' dir='ltr'>et</span> <span class='ocrx_word' id='word_1_194' title='bbox 704 2691 834 2734; x_wconf 87' lang='lat' dir='ltr'>uxorem</span> <span class='ocrx_word' id='word_1_195' title='bbox 854 2669 973 2733; x_wconf 79' lang='lat' dir='ltr'>fastam</span> <span class='ocrx_word' id='word_1_196' title='bbox 991 2669 1113 2734; x_wconf 90' lang='lat' dir='ltr'>nullius</span> 
     </span>
     <span class='ocr_line' id='line_1_27' title="bbox 103 2757 1113 2836; baseline 0.002 -15"><span class='ocrx_word' id='word_1_197' title='bbox 103 2776 172 2823; x_wconf 86' lang='lat' dir='ltr'>esse</span> <span class='ocrx_word' id='word_1_198' title='bbox 199 2757 371 2836; x_wconf 88' lang='lat' dir='ltr'>momenti,</span> <span class='ocrx_word' id='word_1_199' title='bbox 402 2758 431 2821; x_wconf 93' lang='lat' dir='ltr'>si</span> <span class='ocrx_word' id='word_1_200' title='bbox 459 2757 566 2836; x_wconf 87' lang='lat' dir='ltr'>modo,</span> <span class='ocrx_word' id='word_1_201' title='bbox 600 2780 672 2823; x_wconf 88' lang='lat' dir='ltr'>eum</span> <span class='ocrx_word' id='word_1_202' title='bbox 701 2758 842 2822; x_wconf 86' lang='lat' dir='ltr'>animum</span> <span class='ocrx_word' id='word_1_203' title='bbox 873 2758 1008 2822; x_wconf 88' lang='lat' dir='ltr'>maritus</span> <span class='ocrx_word' id='word_1_204' title='bbox 1036 2781 1113 2823; x_wconf 86' lang='lat' dir='ltr'>ven-</span> 
     </span>
     <span class='ocr_line' id='line_1_28' title="bbox 101 2845 1112 2932; baseline 0.001 -21"><span class='ocrx_word' id='word_1_205' title='bbox 101 2845 197 2912; x_wconf 90' lang='lat' dir='ltr'>dendi</span> <span class='ocrx_word' id='word_1_206' title='bbox 215 2867 282 2911; x_wconf 91' lang='lat' dir='ltr'>non</span> <span class='ocrx_word' id='word_1_207' title='bbox 299 2845 442 2931; x_wconf 88' lang='lat' dir='ltr'>haberet,</span> <span class='ocrx_word' id='word_1_208' title='bbox 465 2845 582 2910; x_wconf 85' lang='lat' dir='ltr'>ideireo</span> <span class='ocrx_word' id='word_1_209' title='bbox 601 2847 819 2910; x_wconf 85' lang='lat' dir='ltr'>venditionem</span> <span class='ocrx_word' id='word_1_210' title='bbox 839 2851 1039 2912; x_wconf 81' lang='lat' dir='ltr'>commentus</span> <span class='ocrx_word' id='word_1_211' title='bbox 1060 2848 1112 2932; x_wconf 91' lang='lat' dir='ltr'>sit,</span> 
     </span>
     <span class='ocr_line' id='line_1_29' title="bbox 100 2934 1111 3018; baseline -0.001 -17"><span class='ocrx_word' id='word_1_212' title='bbox 100 2939 136 3001; x_wconf 90' lang='lat' dir='ltr'>ut</span> <span class='ocrx_word' id='word_1_213' title='bbox 159 2935 311 3018; x_wconf 76' lang='lat' dir='ltr'>donaret,</span> <span class='ocrx_word' id='word_1_214' title='bbox 339 2934 502 2999; x_wconf 87' lang='lat' dir='ltr'>enimvero</span> <span class='ocrx_word' id='word_1_215' title='bbox 530 2935 571 3015; x_wconf 94' lang='lat' dir='ltr'>si,</span> <span class='ocrx_word' id='word_1_216' title='bbox 599 2934 671 2998; x_wconf 79' lang='lat' dir='ltr'>&#39;curn</span> <span class='ocrx_word' id='word_1_217' title='bbox 700 2936 842 2999; x_wconf 88' lang='lat' dir='ltr'>animum</span> <span class='ocrx_word' id='word_1_218' title='bbox 869 2936 1028 3000; x_wconf 86' lang='lat' dir='ltr'>vendendi</span> <span class='ocrx_word' id='word_1_219' title='bbox 1055 2935 1111 3001; x_wconf 90' lang='lat' dir='ltr'>ha·</span> 
     </span>
     <span class='ocr_line' id='line_1_30' title="bbox 98 3023 1109 3111; baseline -0.002 -21"><span class='ocrx_word' id='word_1_220' title='bbox 98 3023 207 3111; x_wconf 82' lang='lat' dir='ltr'>beret,</span> <span class='ocrx_word' id='word_1_221' title='bbox 230 3044 269 3088; x_wconf 86' lang='lat' dir='ltr'>ex</span> <span class='ocrx_word' id='word_1_222' title='bbox 287 3023 392 3106; x_wconf 91' lang='lat' dir='ltr'>pretio</span> <span class='ocrx_word' id='word_1_223' title='bbox 412 3023 440 3087; x_wconf 89' lang='lat' dir='ltr'>ei</span> <span class='ocrx_word' id='word_1_224' title='bbox 459 3023 590 3104; x_wconf 85' lang='lat' dir='ltr'>remisit,</span> <span class='ocrx_word' id='word_1_225' title='bbox 609 3023 826 3087; x_wconf 84' lang='lat' dir='ltr'>venditionem</span> <span class='ocrx_word' id='word_1_226' title='bbox 846 3024 973 3108; x_wconf 90' lang='lat' dir='ltr'>quidem</span> <span class='ocrx_word' id='word_1_227' title='bbox 993 3025 1109 3106; x_wconf 83' lang='lat' dir='ltr'>velere,</span> 
     </span>
     <span class='ocr_line' id='line_1_31' title="bbox 96 3111 1111 3198; baseline -0.003 -19"><span class='ocrx_word' id='word_1_228' title='bbox 96 3113 326 3178; x_wconf 86' lang='lat' dir='ltr'>remissionem</span> <span class='ocrx_word' id='word_1_229' title='bbox 363 3114 469 3177; x_wconf 83' lang='lat' dir='ltr'>autem</span> <span class='ocrx_word' id='word_1_230' title='bbox 507 3111 662 3176; x_wconf 80' lang='lat' dir='ltr'>haetenus</span> <span class='ocrx_word' id='word_1_231' title='bbox 699 3132 763 3176; x_wconf 93' lang='lat' dir='ltr'>non</span> <span class='ocrx_word' id='word_1_232' title='bbox 794 3113 916 3192; x_wconf 85' lang='lat' dir='ltr'>valere,</span> <span class='ocrx_word' id='word_1_233' title='bbox 952 3117 1111 3198; x_wconf 81' lang='lat' dir='ltr'>quatenus</span> 
     </span>
    </p>
   </div>
   <div class='ocr_carea' id='block_1_5' title="bbox 95 3200 1111 3464">
    <p class='ocr_par' dir='ltr' id='par_1_7' title="bbox 95 3200 1111 3464">
     <span class='ocr_line' id='line_1_32' title="bbox 95 3200 485 3284; baseline -0.005 -18"><span class='ocrx_word' id='word_1_234' title='bbox 95 3200 188 3268; x_wconf 81' lang='lat' dir='ltr'>ferto</span> <span class='ocrx_word' id='word_1_235' title='bbox 209 3206 261 3265; x_wconf 86' lang='lat' dir='ltr'>est</span> <span class='ocrx_word' id='word_1_236' title='bbox 283 3200 485 3284; x_wconf 85' lang='lat' dir='ltr'>locupletior.</span> 
     </span>
     <span class='ocr_line' id='line_1_33' title="bbox 187 3286 1110 3374; baseline -0.004 -20"><span class='ocrx_word' id='word_1_237' title='bbox 187 3290 243 3355; x_wconf 83' lang='lat'>43.</span> <span class='ocrx_word' id='word_1_238' title='bbox 270 3288 309 3352; x_wconf 90' lang='lat' dir='ltr'>D.</span> <span class='ocrx_word' id='word_1_239' title='bbox 323 3289 376 3371; x_wconf 80' lang='lat'>24,</span> <span class='ocrx_word' id='word_1_240' title='bbox 392 3289 420 3370; x_wconf 89' lang='lat'>1,</span> <span class='ocrx_word' id='word_1_241' title='bbox 434 3288 487 3372; x_wconf 78' lang='lat'>26,</span> <span class='ocrx_word' id='word_1_242' title='bbox 503 3290 532 3353; x_wconf 92' lang='lat'>1.</span> <span class='ocrx_word' id='word_1_243' title='bbox 578 3288 696 3353; x_wconf 87' lang='lat' dir='ltr'>Paulus</span> <span class='ocrx_word' id='word_1_244' title='bbox 719 3289 803 3353; x_wconf 90' lang='lat' dir='ltr'>libro</span> <span class='ocrx_word' id='word_1_245' title='bbox 827 3289 965 3374; x_wconf 89' lang='lat' dir='ltr'>septimo</span> <span class='ocrx_word' id='word_1_246' title='bbox 989 3287 1028 3352; x_wconf 88' lang='lat' dir='ltr'>ad</span> <span class='ocrx_word' id='word_1_247' title='bbox 1053 3286 1110 3352; x_wconf 86' lang='lat' dir='ltr'>Sa-</span> 
     </span>
     <span class='ocr_line' id='line_1_34' title="bbox 95 3373 1111 3464; baseline -0.003 -20"><span class='ocrx_word' id='word_1_248' title='bbox 95 3378 212 3445; x_wconf 85' lang='lat' dir='ltr'>binum</span> <span class='ocrx_word' id='word_1_249' title='bbox 237 3376 285 3461; x_wconf 83' lang='lat' dir='ltr'>(P.</span> <span class='ocrx_word' id='word_1_250' title='bbox 302 3373 412 3464; x_wconf 79' lang='grc'><strong>1751).</strong></span> <span class='ocrx_word' id='word_1_251' title='bbox 436 3413 477 3423; x_wconf 89' lang='grc'>-</span> <span class='ocrx_word' id='word_1_252' title='bbox 501 3377 551 3441; x_wconf 84' lang='lat' dir='ltr'>Ex</span> <span class='ocrx_word' id='word_1_253' title='bbox 575 3377 692 3460; x_wconf 89' lang='lat' dir='ltr'>quibus</span> <span class='ocrx_word' id='word_1_254' title='bbox 715 3379 818 3442; x_wconf 79' lang='lat' dir='ltr'>causis</span> <span class='ocrx_word' id='word_1_255' title='bbox 841 3377 926 3442; x_wconf 89' lang='lat' dir='ltr'>iuter</span> <span class='ocrx_word' id='word_1_256' title='bbox 948 3378 1053 3441; x_wconf 83' lang='lat' dir='ltr'>virum</span> <span class='ocrx_word' id='word_1_257' title='bbox 1077 3382 1111 3441; x_wconf 93' lang='lat' dir='ltr'>et</span> 
     </span>
    </p>
   </div>
   <div class='ocr_carea' id='block_1_6' title="bbox 171 3533 385 3590">
    <p class='ocr_par' dir='ltr' id='par_1_8' title="bbox 171 3533 385 3590">
     <span class='ocr_line' id='line_1_35' title="bbox 171 3533 385 3590; baseline 0.005 -1"><span class='ocrx_word' id='word_1_258' title='bbox 171 3540 186 3589; x_wconf 90' lang='lat'>1</span> <span class='ocrx_word' id='word_1_259' title='bbox 208 3533 286 3589; x_wconf 73' lang='lat' dir='ltr'>Trio.</span> <span class='ocrx_word' id='word_1_260' title='bbox 304 3533 385 3590; x_wconf 83' lang='lat' dir='ltr'>dotis.</span> 
     </span>
    </p>
   </div>
   <div class='ocr_carea' id='block_1_7' title="bbox 0 0 1216 3976">
    <p class='ocr_par' dir='ltr' id='par_1_9' title="bbox 0 0 1216 3976">
     <span class='ocr_line' id='line_1_36' title="bbox 0 0 1216 3976; baseline 0 7"><span class='ocrx_word' id='word_1_261' title='bbox 0 0 1216 3976; x_wconf 95' lang='lat' dir='ltr'> </span> 
     </span>
    </p>
   </div>
  </div>
 </body>
</html>
