2422 3976
349 179 375 227 4.
394 173 423 228 C.
438 171 583 228 CASSIUS
602 172 787 229 LONGINUS
1031 173 1071 237 31

147 335 189 400 D.
210 337 263 418 33,
284 337 313 415 7,
335 338 386 416 12,
404 337 457 400 27.
511 334 669 420 Ulpianus
706 336 789 400 libro
827 337 1002 402 vicensimo
1035 338 1073 402 ad

64 423 220 490 Sabinum
247 422 296 509 (Ρ.
311 422 424 510 2611).
447 461 490 470 -
513 473 544 488 ..
563 425 592 490 si
618 424 735 489 fundus
763 447 826 490 non
856 426 900 490 sit
927 447 998 491 cum
1027 427 1073 490 in·

64 517 244 579 strumento
264 514 401 597 legatus,
424 513 479 577 sed
498 513 547 577 ita
565 518 602 577 ut
619 515 795 578 instructus
814 515 867 597 sit,
891 516 1074 598 quaesitum

63 607 123 681 cst,
155 625 198 666 an
226 602 301 687 plus
329 602 547 684 contineatur,
575 624 672 685 quam
700 603 729 667 si
756 625 829 667 cum
855 604 1072 669 instrumento

62 692 191 776 legatus
219 693 315 755 esset.
361 694 394 754 et
417 687 556 754 Sabinus
585 690 678 755 libris
702 691 742 754 ad
765 691 936 757 Vitellium
960 693 1075 758 scribit

60 779 229 845 fatendum
248 800 319 843 esse
329 780 403 862 plus
423 800 502 861 esse,
521 801 594 843 cum
612 780 790 844 instructus
804 780 923 845 fundus
938 781 1074 867 legetur,

62 890 158 952 quam
183 869 211 933 si
235 888 308 932 cum
331 869 548 932 instrumento
563 917 592 932 ..
609 916 617 932 .
632 872 754 952 quanto
778 868 879 951 igitur
901 869 963 933 hoc
985 868 1074 955 lega·

60 962 129 1022 tum
152 957 285 1022 uberius
310 961 368 1040 est,
390 957 563 1021 videndum
587 962 645 1022 est.
683 961 716 1021 et
735 955 873 1022 Sabinus
896 958 1009 1022 definit
1027 959 1075 1040 [et

62 1043 194 1111 Cassius
227 1046 313 1130 apud
340 1045 513 1110 Vitellium
547 1048 668 1126 notat]:
700 1047 811 1111 omnia
840 1067 920 1129 quae
950 1068 987 1110 eo
1016 1045 1074 1133 (sc.

60 1131 177 1220 fundo)
197 1135 357 1200 collocata
375 1139 460 1215 sunt,
478 1139 514 1198 ut
528 1135 718 1199 instructior
732 1137 818 1199 esset
830 1133 1076 1219 paterfamilias,

60 1224 232 1305 instructo,
246 1223 363 1307 inquit,
381 1223 642 1288 continebuntur.
664 1222 699 1286 id
718 1227 768 1287 est
786 1244 868 1307 quae
886 1223 933 1287 ibi
949 1222 1075 1307 habuit,

60 1315 95 1377 ut
130 1312 325 1376 instructior
362 1314 470 1392 esset].
524 1311 579 1395 <et
617 1310 749 1376 Cassius
787 1311 871 1396 apud
904 1311 1076 1376 Vitellium

59 1405 163 1465 notat·
186 1400 221 1464 id
244 1400 308 1464 sibi
330 1401 488 1484 placere).

148 1519 320 1580 Verborum
346 1522 519 1580 contextum
546 1540 564 1580 a
587 1519 760 1579 Triboniani
787 1521 923 1581 adiutore
945 1521 1076 1580 brevita-

59 1611 98 1668 tis
119 1627 213 1669 causa
231 1612 393 1688 mutatum,
405 1610 500 1670 verba
515 1604 558 1668 ‘et
573 1608 693 1668 Cassius
707 1610 788 1685 apud
801 1609 958 1670 Vitellium
977 1604 1075 1669 notat'

60 1698 251 1846 p3suo52loco
275 1701 391 1757 remota
414 1717 478 1757 esse
502 1702 584 1773 puto.
631 1698 669 1757 ed
691 1717 755 1757 rem
778 1698 816 1758 cf.
839 1699 923 1759 Paul.
948 1699 976 1759 S.
997 1700 1026 1776 3,
1046 1702 1075 1778 6,

388 1902 486 1961 Iuris
510 1902 633 1963 civilis
656 1902 751 1962 libri.

148 2025 278 2084 Masurii
294 2024 398 2084 Sabini
414 2026 617 2103 praeceptoris
635 2028 805 2102 exemplum
819 2031 940 2087 secutus
956 2025 1077 2086 Cassius

60 2132 179 2191 quoque
207 2114 284 2173 iuris
311 2114 408 2176 civilis
435 2114 530 2174 libros
558 2115 739 2191 composuit,
767 2134 841 2192 quos
869 2135 937 2175 cum
963 2116 1076 2175 Paulus

59 2202 147 2261 libris
180 2203 219 2261 ad
252 2203 382 2262 edictum
415 2194 466 2285 (D.
486 2206 537 2279 37,
558 2206 586 2279 6,
606 2206 674 2280 2,5
708 2197 812 2263 ‘Gaius
845 2203 966 2264 Cassius
998 2204 1075 2262 libro

60 2293 190 2368 septimo
218 2290 294 2351 iuris
321 2292 418 2351 civilis
439 2286 624 2368 ...putat')
657 2296 721 2351 tum
750 2293 899 2368 Ulpianus
924 2293 1010 2352 libris
1038 2293 1077 2350 ad

61 2379 208 2439 Sabinum
240 2379 346 2439 laudat
377 2372 427 2461 (D.
452 2382 504 2457 29,
529 2384 556 2452 2,
579 2383 674 2458 25,4
705 2375 812 2441 ‘Gaius
845 2381 966 2441 Cassius
998 2381 1076 2439 libro

61 2470 192 2528 secundo
210 2468 286 2528 iuris
305 2468 402 2529 civilis
421 2463 544 2529 scribit’.
581 2470 617 2528 D.
634 2473 662 2544 7,
679 2473 708 2545 1,
723 2472 751 2546 7,
768 2472 785 2529 3
806 2464 939 2529 ‘Cassius
959 2488 1076 2545 quoque

61 2557 168 2616 scribit
194 2553 272 2617 libro
301 2561 407 2618 octavo
434 2558 508 2616 iuris
536 2553 653 2618 oivilis’.
699 2559 735 2618 D.
752 2563 780 2635 7,
801 2562 830 2634 1,
851 2561 917 2635 9,5
944 2552 1077 2616 ‘Cassius

62 2647 106 2705 ait
138 2647 215 2706 libro
248 2649 353 2706 octavo
384 2647 459 2705 iuris
491 2640 609 2706 oivilis'.
659 2647 692 2706 D.
712 2651 741 2721 7,
763 2651 791 2725 1,
810 2649 899 2722 23,1
935 2641 1076 2706 ‘Sabinus

62 2734 219 2810 respondit
251 2738 281 2794 et
309 2733 430 2794 Cassius
462 2734 539 2794 libro
573 2740 678 2796 octavo
706 2736 781 2795 iuris
810 2736 907 2797 civilis
936 2730 1076 2811 scripsit'.

62 2823 98 2883 D.
121 2826 150 2897 7,
172 2826 200 2900 1,
220 2826 263 2884 70
274 2844 319 2900 pr.
348 2818 452 2884 ‘Gaius
476 2823 597 2883 Cassius
625 2824 729 2884 scribit
755 2824 832 2883 libro
861 2824 975 2884 decimo
1003 2825 1077 2882 iuris

63 2904 202 2993 civilis’),
241 2913 348 2989 quibus
386 2932 422 2972 ex
452 2913 538 2971 libris
570 2913 729 2973 Iavolenus
761 2914 882 2973 Priscus
910 2913 965 2971 XV
997 2914 1077 2986 fecit,

64 2995 112 3060 ‘er
136 2995 252 3060 Cassio'
281 3002 333 3078 qui
359 3001 552 3060 nominantur
584 2994 631 3082 (P.
657 3005 763 3062 1-69
798 3005 829 3061 61
855 3002 935 3061 infra
961 3002 993 3060 in
1020 3003 1077 3060 hac

63 3085 268 3170 collectione):
311 3085 529 3149 ‘commentarii
562 3084 640 3150 Caii'
672 3092 721 3152 vel
758 3084 839 3149 ‘libri
871 3090 937 3150 Gaii
969 3085 1076 3150 Cassii’

62 3198 100 3238 ve
148 3172 235 3265 ‘libri
269 3173 357 3251 Gaii',
399 3179 451 3254 qui
487 3198 505 3237 a
536 3179 676 3240 Iauoleno
712 3180 745 3238 in
776 3179 922 3239 librorum
952 3180 1075 3238 illorum

64 3267 245 3342 fragmentis
269 3267 433 3326 laudantur
457 3261 507 3347 (D.
523 3269 573 3343 35,
591 3272 618 3347 1,
634 3271 685 3328 54.
708 3270 760 3346 40,
776 3273 804 3344 7,
824 3271 875 3329 28.
894 3271 946 3341 46,
967 3269 995 3339 3,
1011 3261 1076 3345 78),

65 3357 138 3430 quin
161 3354 259 3416 Cassii
282 3356 355 3415 iuris
379 3357 474 3417 civilis
499 3357 572 3434 sint,
595 3376 681 3416 nemo
704 3357 832 3416 dubitat.
878 3355 1076 3414 Tribonianus

65 3445 117 3518 qui
144 3445 271 3505 Masurii
298 3444 372 3503 iuris
400 3445 496 3504 civilis
523 3446 617 3506 libros
645 3450 681 3505 ut
707 3447 739 3505 in
767 3451 923 3505 auctorum
950 3443 1078 3501 indicem

67 3533 187 3611 recepit,
210 3534 256 3593 ita
279 3533 310 3592 in
333 3534 419 3594 novis
441 3534 575 3611 Digestis
598 3535 808 3610 componendis
831 3533 964 3610 neglexit
987 3523 1075 3613 (ΙΙ,1
