2422 3976
348 203 372 253 4.
393 198 420 252 C.
436 195 581 254 cassius
598 197 784 255 LONGINUS
1029 202 1069 266 21

150 363 250 426 Cassii
269 384 415 442 responsa
428 367 614 426 rettulerunt
627 371 748 444 praeter
760 367 917 446 Hyginum
931 360 1073 450 (promat.

57 476 86 531 p.
107 445 189 534 124)
223 451 351 514 Urseius
378 454 475 515 Ferox
503 448 552 537 (D.
566 458 620 532 44,
634 457 663 533 5,
677 460 706 536 1,
723 460 764 518 10
792 451 939 518 ‘Cassium
970 458 1074 518 existi-

57 562 159 604 masse
191 542 319 603 Urseius
348 536 482 625 refert'),
520 545 618 605 Titius
651 545 754 606 Aristo
788 539 840 627 (D.
859 548 910 622 17,
930 548 959 624 2,
982 548 1071 624 29,2

58 626 178 692 ‘Aristo
201 633 296 691 refert
315 630 452 692 Cassium
469 629 679 709 respondisse'.
719 634 755 693 D.
769 637 799 710 4,
815 638 844 708 8,
859 638 902 696 40
925 629 1073 695 ‘Cassium

58 721 182 781 audisse
205 739 237 781 se
262 721 409 781 dicentem
423 722 525 781 Aristo
545 715 627 804 ait')‚
647 721 794 784 Vivianus
814 718 865 804 (D.
876 726 928 802 29,
939 726 1073 800 7,14pr.

58 804 203 880 'Quidam
235 810 382 888 referunt,
410 813 557 887 quantum
588 816 691 888 repeto
715 811 794 888 apud
822 813 984 873 Viviannm

58 898 141 975 quod
165 897 310 958 Sabinum
334 901 365 958 et
387 897 524 959 Cassium
547 900 734 976 respondisse
758 893 878 981 aiunt').

150 986 234 1057 Quae
256 1004 401 1064 responsa
422 988 520 1065 magis
543 989 582 1047 ad
603 990 652 1048 ius
675 989 763 1048 civile
785 989 946 1066 pertinent,
967 989 1073 1065 primo,

58 1095 138 1153 quae
163 1075 261 1152 magis
285 1077 323 1135 ad
345 1076 393 1135 ius
416 1077 623 1156 honorarium,
646 1077 776 1137 secundo
798 1077 863 1137 loco
887 1077 985 1136 allero.

423 1273 450 1331 1.
477 1271 527 1331 Ad
548 1272 596 1332 ius
619 1271 715 1332 civile.

384 1388 434 1453 Dc
456 1389 543 1456 bouis
565 1391 750 1457 tidericum.

153 1515 181 1578 1.
201 1511 271 1578 Gai.
282 1513 312 1594 3,
323 1513 374 1579 71.
393 1549 436 1560 -
452 1565 459 1578 .
474 1563 480 1578 .
496 1515 662 1598 quaeritur
681 1537 721 1579 an
739 1515 801 1580 hoo
815 1514 1073 1580 senatusconsul-

56 1607 130 1668 tum
146 1600 205 1690 (sc.
219 1601 312 1686 Lupo
328 1607 360 1666 11
374 1600 482 1687 Largo
497 1603 685 1682 consulibus
698 1604 828 1687 factum,
848 1624 886 1668 ex
905 1625 968 1689 quo
988 1603 1073 1668 bona

58 1691 251 1756 Latinorum
279 1691 421 1774 primum
450 1691 490 1755 ad
519 1714 591 1756 eum
619 1692 796 1777 pertinent,
824 1693 879 1775 qui
909 1713 964 1758 eos
991 1692 1071 1756 libe-

58 1776 197 1866 raverit)
226 1779 266 1844 ad
290 1800 344 1844 eos
368 1779 498 1864 patroni
521 1780 640 1845 liberos
664 1781 839 1865 pertineat,
865 1781 921 1865 qui
944 1802 983 1846 ex
1005 1780 1075 1845 filia

58 1873 198 1952 nepteve
226 1871 451 1952 procreantur,
483 1868 516 1932 id
549 1873 599 1933 est
627 1873 664 1934 ut
692 1890 793 1953 nepos
820 1891 911 1934 meus
939 1891 978 1933 ex
1005 1869 1073 1932 filia

59 1959 171 2042 potior
194 1957 239 2020 sit
263 1957 296 2021 in
319 1956 414 2021 bonis
435 1955 545 2021 Latini
568 1957 633 2022 mei
656 1980 753 2042 quam
776 1962 946 2022 extraneus
964 1957 1072 2040 heres,

59 2047 141 2111 item
166 2045 253 2130 <an>
277 2045 318 2110 ad
337 2049 502 2110 maternos
520 2044 657 2111 Latinos
677 2047 738 2111 hoc
757 2046 1074 2111 senatusconsultum

58 2136 226 2219 pertineat
247 2133 420 2218 quaeritur,
443 2134 476 2198 id
500 2137 550 2198 est
572 2135 664 2200 utin
688 2135 783 2199 bonis
801 2133 912 2199 Latini
935 2135 1074 2199 materni

59 2224 171 2307 potior
199 2226 242 2288 sit
269 2225 424 2306 patronae
452 2223 538 2288 filius
568 2246 664 2307 quam
691 2223 786 2288 heres
815 2228 985 2288 extraneus
1008 2245 1074 2287 ma-

58 2313 129 2377 tris.
174 2309 286 2376 Cassio
310 2311 435 2395 placuit
458 2315 593 2394 utroque
617 2334 693 2377 casu
715 2313 822 2377 locum
841 2333 911 2376 esse
930 2315 1074 2376 senatus-

59 2401 218 2466 consulto.

475 2505 526 2571 Dc
548 2507 664 2591 tepetis.

463 2636 510 2695 Dc
533 2638 677 2696 codicillis.

151 2757 182 2819 2.
210 2755 249 2819 D.
269 2755 321 2834 29,
340 2756 370 2835 7,
390 2755 485 2838 l4pr.
533 2753 687 2820 Scaevola
714 2754 798 2818 libro
827 2756 942 2820 octavo
972 2751 1072 2829 Quae·

61 2845 204 2908 stionum
226 2842 275 2927 (P.
291 2840 379 2928 160).
400 2879 438 2889 -
459 2842 596 2920 Quidam
615 2844 768 2927 referunt,
787 2847 943 2926 quantum
961 2847 1072 2924 repeto

61 2931 147 3017 apud
170 2931 356 3016 Vivianum,
378 2929 490 2996 Sabini
513 2936 546 2995 et
564 2929 669 2996 Cassii
691 2936 724 2996 et
742 2930 872 2996 Proculi
895 2933 1074 3014 expositam

62 3041 131 3085 esse
175 3020 210 3083 in
255 3020 444 3104 quaestione
485 3019 670 3085 huiusmodi
712 3020 981 3085 controversiam:
1032 3041 1073 3083 an

61 3109 188 3194 legata,
225 3130 306 3193 quae
341 3112 553 3193 posteaquam
583 3109 725 3173 instituti
755 3111 893 3173 mortem
925 3107 1074 3173 obierunt

62 3197 220 3263 codicillis
254 3197 414 3280 adscripta
447 3197 498 3260 vel
531 3197 682 3280 adempta
716 3203 805 3281 sunt,
837 3220 856 3261 a
888 3195 1073 3261 substitutis
1119 3216 1120 3220 ¹

63 3286 240 3350 debeantur
264 3285 380 3366 [idest
403 3309 444 3350 an
468 3285 598 3369 perinde
622 3286 709 3350 datio
734 3290 767 3351 et
789 3285 951 3368 ademptio
976 3283 1074 3346 etiam

62 3373 123 3440 hoc
151 3378 299 3459 tempore
328 3374 484 3440 codicillis
513 3373 602 3439 facta
623 3375 732 3440 valeat
761 3396 798 3439 ac
823 3374 851 3438 si
878 3374 1073 3437 testamento

62 3461 149 3528 iacta
178 3461 290 3547 11111].
340 3463 424 3547 quod
448 3461 603 3528 Sabinum
631 3467 664 3529 et
692 3462 840 3528 Oassium
869 3458 1074 3544 respondisse

64 3550 153 3617 aiunt
176 3551 315 3616 Proculo
338 3552 555 3616 dissentiente.
