2422 3976
95 187 160 250 558
464 181 739 239 ADDITAMENTA.

187 348 259 413 145.
305 346 343 410 D.
371 347 401 424 2,
430 347 481 429 14,
510 345 561 429 17,
589 345 617 411 6.
666 343 788 409 Paulus
820 345 904 410 libro
938 346 1036 411 tertio
1066 346 1104 410 ad

98 437 246 502 edictum.
273 473 310 482 —
337 434 417 501 Cum
441 455 609 518 possessor
632 434 755 498 alienae
777 434 970 500 hereditatis
993 439 1105 519 pactus

98 529 158 598 cst,
177 524 308 607 heredi,
336 524 364 588 si
392 523 532 606 evicerit,
558 543 662 607 neque
688 544 805 588 nocere
826 543 931 607 neque
954 523 1105 609 prodesse

98 613 244 698 plerique
266 616 393 695 putant.

427 735 476 801 De
494 737 529 800 bu
551 736 601 800 uus
623 737 764 801 vocuurlo.

188 852 259 917 146.
305 849 343 917 D.
367 851 397 929 2,
424 849 454 932 4,
482 852 512 929 4,
536 852 566 915 2.
610 847 768 934 Ulpianus
801 850 883 915 libro
918 850 1035 934 quinto
1067 850 1105 913 ad

97 941 246 1005 edictum.
269 974 309 986 -
337 937 486 1026 (Praetor
518 941 575 1003 eit:
607 943 774 1022 parentem
891 939 925 1003 in
958 939 1011 1003 ius
1039 939 1106 1004 sine

96 1030 255 1114 permissu
278 1050 349 1092 mec
372 1049 412 1091 ne
436 1028 507 1111 quis
529 1024 646 1114 vocet.)
679 1031 843 1111 parentem
866 1026 920 1092 hic
938 1027 1106 1113 utriusque

98 1139 193 1182 sexus
222 1117 343 1200 accipe,
371 1116 426 1180 sed
455 1139 496 1181 an
518 1117 552 1180 in
574 1116 737 1180 infinitum
760 1117 934 1199 quaeritur.
977 1116 1106 1201 quidam

96 1209 260 1290 parentem
282 1227 382 1288 usque
403 1204 443 1268 ad
459 1206 612 1270 tritavum
626 1205 783 1289 appellari
803 1206 904 1289 aiunt,
924 1205 1105 1286 superiores
1136 1247 1137 1256 η

99 1294 237 1358 maiores
261 1294 331 1358 dici.
770 1319 771 1322 ¹

185 1388 221 1447 cf.
244 1409 274 1465 p.
298 1388 349 1448 72.

188 1480 260 1544 147.
304 1479 344 1544 D.
367 1479 450 1563 2‚4‚
476 1478 526 1544 18.
571 1477 670 1544 Gaius
698 1479 781 1544 libro
811 1478 916 1563 primo
942 1478 983 1543 ad
1002 1479 1104 1562 legem

98 1568 264 1633 duodecim
290 1568 484 1632 tabularum.
516 1604 554 1614 —
582 1567 733 1654 Plerique
760 1571 960 1651 putaverunt
982 1568 1103 1632 nullum

97 1656 250 1721 dedomo
274 1676 333 1720 sua
355 1654 390 1720 in
407 1656 458 1720 ius
485 1658 593 1721 vocari
616 1657 720 1738 licere,
743 1657 819 1739 quie
843 1656 958 1721 domus
982 1657 1102 1721 tutissi-

96 1766 185 1808 mum
204 1745 317 1829 cuique
335 1744 495 1830 refugium
519 1749 615 1829 atque
637 1746 874 1829 receptaculum
894 1745 947 1830 sit,
971 1764 1102 1830 eumque

99 1833 155 1917 qui
176 1832 250 1897 inde
273 1833 308 1897 in
330 1832 380 1898 ius
404 1838 547 1912 vocaret,
571 1833 637 1898 vim
660 1834 773 1898 inferri
795 1833 906 1898 videri.

468 1983 518 2048 De
539 1985 733 2049 vadimoniis.

187 2100 258 2164 148.
304 2098 342 2163 D.
367 2101 397 2182 2,
422 2098 472 2182 10,
496 2101 525 2179 1,
547 2098 577 2162 2.
622 2097 781 2181 Ulpianus
796 2098 881 2163 libro
902 2100 1041 2183 septimo
1064 2099 1099 2163 ad

97 2188 245 2252 edictum.
278 2225 319 2234 -
352 2186 473 2251 Dolum
497 2237 526 2251 ..
555 2187 675 2250 malum
708 2188 754 2251 sic
787 2188 982 2270 accepimus,
1014 2192 1050 2251 ut
1075 2187 1098 2249 si

97 2277 169 2359 quis
211 2277 352 2341 venienti
393 2278 428 2340 iu
460 2273 527 2340 ius¹
560 2276 680 2359 aliquid
713 2277 973 2358 pronuntiaverit
1004 2278 1098 2355 triste,

96 2368 229 2448 propter
260 2365 345 2449 quod
373 2365 400 2427 is
433 2387 563 2428 necesse
589 2364 704 2427 habuit
732 2366 767 2428 r'u
796 2364 865 2429 ius¹
892 2387 959 2429 non
990 2365 1096 2442 venire,

96 2458 245 2516 teneatur
273 2475 311 2516 ex
337 2454 399 2517 hoc
428 2453 544 2536 edictu,
575 2454 721 2536 quamvis
746 2452 876 2536 quidam
905 2458 1019 2536 putent
1041 2452 1095 2516 sibi

97 2562 168 2604 eum
192 2539 353 2624 imputare
377 2542 432 2626 qui
455 2543 600 2605 credulus
624 2541 694 2605 fuit.

163 2690 212 2754 De
234 2693 435 2774 copur'toribus
457 2697 486 2755 et
503 2692 753 2774 procuratoribus
775 2697 804 2756 et
826 2693 1040 2772 defensoribus.

187 2807 259 2871 149.
292 2806 330 2870 D.
350 2809 379 2888 3,
400 2809 429 2887 3,
449 2809 499 2872 61.
545 2805 631 2870 Idem
657 2805 714 2892 (sc.
733 2805 868 2894 Paulus)
891 2807 975 2872 libro
998 2807 1089 2890 primo

97 2893 136 2956 ad
167 2892 341 2961 Plautium.
366 2932 403 2940 —
430 2894 576 2959 Plautius
605 2897 663 2959 uit:
693 2891 893 2977 sepuitorem²
916 2896 1088 2959 damnatum

94 3003 159 3045 non
192 2983 307 3046 debere
338 2984 515 3066 conveniri,
547 2984 610 3047 nisi
639 2988 694 3047 aut
726 2985 760 3047 in
788 3006 856 3047 rem
888 3006 980 3047 suam
1008 2984 1086 3046 datus

95 3074 181 3134 esset
210 3076 265 3135 aut
293 3074 463 3154 optulisset
486 3095 534 3155 se,
562 3096 633 3136 cum
659 3072 755 3136 sciret
783 3078 913 3137 cautum
937 3095 1000 3137 non
1023 3089 1086 3147 esse,

94 3159 243 3222 omnibus
265 3160 394 3243 placuit.

184 3247 255 3312 150.
280 3247 508 3331 (131484.-
523 3248 755 3316 Procurator..
771 3250 870 3314 nullis
887 3251 982 3314 certis
995 3245 1082 3312 verbis

93 3336 126 3397 in
150 3336 242 3398 litem
267 3337 483 3418 substituitur,
507 3339 561 3402 sed
582 3361 620 3402 ex
644 3340 711 3403 solo
736 3339 887 3403 mandato
914 3343 946 3402 et
969 3338 1082 3402 absente

166 3480 179 3526 1
202 3475 276 3530 Trib.
296 3477 332 3529 ed
350 3475 490 3531 iudicium.

166 3550 181 3595 2
203 3545 277 3602 Trib.
296 3548 512 3614 procuratorem.
