2422 3976
367 192 392 242 t.
414 184 624 243 IAVOLENUS
641 185 790 244 PRISGUS
1017 187 1085 253 409

68 350 179 417 tarde
202 351 265 430 ito,
290 354 327 415 ot
347 350 440 415 iudex
461 355 549 434 eopot
568 350 705 416 heredem
726 371 765 416 eo
788 351 947 417 locationis
969 352 1086 417 ootiome

70 460 144 507 m
162 439 244 594 {gn
243 459 358 608 128133,
376 525 407 608 2,
424 528 478 592 41.
536 525 708 593 Iavolenus
750 528 834 593 libro
871 529 1010 593 secundo
1047 550 1087 594 ex

70 616 310 789 moribus
346 615 505 680 Labeonis
549 653 594 663 -
632 615 710 682 Oom
745 618 791 681 ito
827 618 959 701 levatum
994 624 1085 683 esset:

223 724 345 770 orroeos
359 705 454 787 feodi
472 703 651 770 Corneliani
669 704 783 771 Publio
803 706 925 770 Moeoio
943 708 981 771 do
1000 705 1087 790 opo',

69 794 200 879 putredo
215 798 310 876 putot
330 794 541 875 decipiendum
558 813 619 860 esse
637 793 748 879 Labeo,
771 815 808 860 oo
824 795 854 860 si
871 815 946 860 osus
962 794 1086 875 fruetus

70 884 166 966 frondi
187 883 332 948 similiter
353 887 428 948 esset
453 883 577 966 epotus,
599 885 674 965 quio
691 883 764 948 boec
781 903 867 949 meos
882 884 980 964 obiisse
997 888 1085 948 testo·

73 973 152 1039 ton'o
172 972 324 1037 videatur.

163 1060 216 1126 23.
231 1076 257 1124 1.
270 1058 310 1126 D.
320 1060 432 1142 32,30,
443 1063 470 1124 1.
493 1059 601 1125 Labeo
616 1060 700 1125 libro
715 1061 854 1126 seeundo
869 1061 1085 1145 posteriorum

74 1172 95 1215 o
114 1148 272 1215 loroleno
296 1150 555 1232 epitomatorem.
579 1185 620 1196 —
646 1149 709 1230 Qmi
730 1149 832 1214 bortos
848 1150 988 1234 publicos
1010 1172 1031 1215 a
1052 1170 1088 1214 re

70 1238 197 1323 publiea
219 1235 379 1303 conductos
403 1238 538 1320 babebat,
560 1258 665 1303 eormm
682 1238 839 1303 bortorum
854 1239 975 1319 fruetus
992 1258 1089 1320 usque

74 1328 117 1393 od
147 1328 294 1405 lustrum,
325 1347 385 1409 quo
416 1327 556 1391 oomdoeti
585 1331 694 1408 essent,
725 1327 854 1410 Aufidio
882 1328 1033 1409 depaverat
1058 1331 1090 1392 et

74 1415 212 1482 heredem
247 1435 316 1480 eom
352 1417 579 1481 conductionem
615 1436 719 1480 eorum
755 1416 912 1481 bortormm
948 1417 977 1480 ei
1012 1417 1088 1481 dore

75 1506 279 1571 damnaverat
298 1504 454 1586 simeroproe
475 1505 524 1569 oti
540 1525 609 1569 emm
626 1510 655 1569 et
670 1505 748 1585 frmi.
791 1506 933 1586 respondi
949 1504 1087 1570 beredem

76 1595 172 1659 teneri
195 1594 297 1658 sinere
321 1593 405 1674 frmi;
431 1593 486 1658 boe
512 1594 647 1676 amplios
671 1593 807 1658 heredem
830 1595 992 1659 mercedem
1013 1614 1086 1676 qoo-

75 1682 310 1767 merodorum
331 1683 377 1746 rei
393 1682 535 1764 publicae
552 1688 792 1764 praestaturum.

165 1770 217 1837 23.
241 1786 266 1835 2.
286 1768 325 1836 D.
340 1772 391 1852 34,
407 1772 435 1847 3,
453 1771 503 1834 17.
526 1769 696 1836 Iavolenus
718 1772 802 1837 libro
827 1772 963 1837 seeundo
987 1771 1089 1836 Labe·

78 1860 149 1925 onis
176 1860 404 1944 posteriorum.
433 1895 470 1905 -
500 1860 619 1941 reliqua
651 1881 766 1942 quoque
797 1861 831 1925 im
863 1862 977 1926 iudicio
1009 1861 1087 1926 loeo·

79 1949 173 2015 tionis
194 1948 305 2012 oemire.

166 2041 290 2119 ef.11,1
306 2061 336 2117 p.
352 2044 424 2102 199.

167 2125 220 2191 24.
244 2123 284 2191 D.
298 2125 351 2210 33,
364 2126 394 2207 2,
408 2126 460 2191 31.
498 2124 605 2190 Labeo
620 2124 703 2190 libro
720 2125 857 2190 secundo
872 2125 1087 2209 posteriorum

79 2212 278 2279 elavoleno
310 2213 568 2296 epitomatorum.
601 2251 644 2261 -—
675 2212 713 2280 Is
743 2216 798 2295 qui
827 2215 962 2294 fundum
991 2220 1088 2278 terum

78 2322 267 2369 oommmreem
284 2301 419 2386 babebat,
440 2303 685 2383 usumfructum
702 2303 796 2382 frondi
812 2305 904 2369 oxori
922 2303 1089 2385 repererat,-

73 2396 146 2475 post
171 2395 301 2456 mortem
326 2392 393 2456 eims
419 2396 515 2455 terem
542 2391 626 2456 bores
653 2392 804 2456 arbitrum
830 2393 984 2457 communi
1011 2391 1089 2456 dioi-

78 2481 183 2546 drmdo
207 2481 345 2561 petierat.
393 2479 528 2545 Blaesus
554 2482 602 2545 oit
630 2481 807 2545 Trebatium
833 2483 1034 2562 respondisse,
1060 2479 1090 2544 si

78 2568 193 2634 arbiter
219 2569 308 2633 certis
334 2569 508 2651 ropionibus
532 2569 667 2649 ferndum
693 2571 856 2654 divisisset,
888 2571 954 2634 eius
976 2568 1090 2651 portis,

77 2678 157 2741 puae
180 2656 236 2722 irbi
258 2657 407 2742 optiperit,
424 2678 515 2721 ersom
535 2658 673 2737 fructum
695 2659 819 2722 mul-ieri
840 2658 931 2722 merito
949 2678 985 2723 ex
998 2661 1091 2739 porte

77 2746 189 2830 deberi,
210 2746 264 2811 sed
285 2747 359 2823 eim,
382 2748 463 2827 qood
483 2746 585 2812 heredi
607 2748 767 2829 optipisset,
790 2748 882 2812 toties
899 2767 991 2811 usum
1006 2747 1090 2826 frme-

78 2840 144 2901 tom
172 2855 241 2899 eom
266 2834 453 2899 babituram.
502 2856 553 2917 epo
579 2836 634 2900 boe
658 2836 777 2915 falsum
797 2840 891 2918 poto:
918 2857 994 2901 mom
1020 2855 1090 2900 eum

78 2929 152 2990 onte
170 2923 324 2988 arbitrum
341 2925 497 2988 commoni
514 2925 681 2988 dividendo
699 2925 877 2989 coniunctos
883 2945 945 3006 pro
958 2925 1091 2989 indiviso

79 3034 120 3079 ex
149 3017 244 3096 porte
280 3013 412 3077 dimidio
449 3014 539 3077 toties
572 3014 667 3094 frondi
697 3032 771 3077 osus
800 3013 921 3093 fructos
951 3012 1091 3078 molieris

77 3101 205 3184 suisset,
245 3121 309 3165 nom
338 3101 474 3183 potuisse
509 3102 661 3165 arbitrum
696 3103 776 3165 imter
812 3103 891 3167 elios
926 3100 1091 3167 imdieomdo

82 3191 215 3257 aomos
236 3191 287 3255 ius
308 3194 441 3273 mutore3
464 3191 546 3272 qood
566 3195 595 3254 et
615 3194 765 3271 receptum
788 3196 837 3256 est.

368 3354 416 3413 De
438 3356 577 3413 bonorum
593 3359 681 3429 porte
703 3356 806 3429 tepora.

171 3456 225 3523 25.
247 3455 288 3521 D.
303 3456 355 3543 32,
368 3456 422 3540 29,
439 3457 467 3521 1.
499 3454 608 3520 Labeo
622 3455 706 3521 libro
721 3456 860 3522 seeundo
874 3455 1090 3539 posteriorum

82 3569 104 3613 a
132 3545 287 3612 Iavoleno
315 3543 574 3629 epitomatorum.
601 3581 646 3591 -
675 3542 753 3611 Omm
779 3546 826 3610 ito
853 3546 991 3630 tepotmm
1017 3549 1109 3618 esset,
