2422 3976
141 196 220 252 XXII

142 367 175 425 in
207 365 323 425 aerario
355 365 510 441 positurus
545 368 635 440 esset,
663 365 695 425 id
728 383 836 426 aurum
868 365 982 425 secerni
1009 364 1160 430 iuberent.

144 459 266 515 senatus
289 455 465 530 pontificum
489 454 651 532 collegium
673 456 789 514 consuli
807 454 905 532 iussit,
928 474 1002 514 num
1021 474 1107 514 omne
1126 456 1159 516 id

142 563 249 603 aurum
275 544 308 602 in
333 544 421 602 ludos
445 545 580 602 consumi
604 562 760 604 necessum
783 546 871 606 esset.
912 563 979 603 oum
1000 544 1158 619 pontifices

140 635 303 709 negassent
336 633 374 692 ad
405 633 581 710 religionem
614 633 778 710 pertinere,
815 635 928 711 quanta
959 633 1095 708 impensa
1125 635 1158 697 in

141 722 228 781 ludos
248 721 344 802 fieret,
363 714 497 782 senatus'
516 724 547 781 et
565 742 593 798 q.
608 715 656 802 s).
683 741 756 781 num
775 725 857 781 recte
875 721 990 781 factum
1008 721 1058 800 sit,
1077 724 1159 799 quod

141 829 159 870 a
183 810 337 886 proposito
363 810 475 887 destiti,
498 809 560 869 iam
582 810 671 871 valde
696 811 809 872 dubito.

229 899 397 959 Prudentes
419 899 596 975 imperatori
618 898 772 960 Hadriano
794 900 936 976 aequules
954 899 1004 960 vel
1021 901 1158 976 posteros

140 989 229 1048 edere
252 1007 407 1066 nunquam
424 988 456 1047 in
475 989 574 1047 animo
594 991 668 1049 erat.
708 988 856 1048 Hadriani
874 1007 944 1049 vero
963 990 1063 1047 aetate
1082 1007 1159 1064 opus

139 1077 364 1137 terminandum
387 1077 453 1138 ideo
477 1078 635 1153 putabam,
659 1078 738 1154 quod
761 1078 813 1137 illo
837 1077 1017 1154 imperatore
1044 1096 1159 1140 novum

140 1167 292 1244 quoddam
310 1167 466 1227 saeculum
485 1166 603 1226 exsiliit
620 1167 683 1226 fere
704 1166 870 1226 innumeris
889 1165 1158 1227 constitutionibus

139 1255 266 1334 insigne,
291 1274 309 1314 a
332 1275 390 1333 quo
412 1255 599 1315 Iustinianus
618 1275 745 1333 quoque,
770 1274 838 1315 cum
855 1254 930 1314 iuris
949 1273 1058 1332 corpus
1077 1274 1157 1316 corn·

138 1364 250 1421 ponere
269 1345 484 1423 constituisset,
502 1344 535 1403 in
552 1345 623 1405 novi
642 1343 759 1404 Codicis
777 1343 895 1420 legibus
915 1343 1092 1422 colligendis
1110 1344 1158 1403 in-

139 1433 310 1510 cipiendum
339 1451 402 1492 esse
431 1391 537 1508 edixit,
566 1453 748 1512 quamquam
774 1451 835 1492 una
861 1434 983 1492 tantum
1010 1432 1158 1493 Hadriani

140 1522 251 1582 constit
239 1523 316 1580 tutio
346 1526 469 1598 recepta
481 1514 568 1582 est¹
617 1523 732 1582 illud
723 1521 862 1598 mprimis
893 1520 1075 1580 monendum
1103 1525 1158 1598 est,

139 1610 374 1670 antehadrianae
404 1613 453 1670 aet
455 1611 545 1671 atis'
537 1611 611 1670 ruris
635 1612 788 1671 consultos
810 1628 960 1687 nusquam
982 1609 1058 1669 iuris
1084 1630 1157 1690 gan-

138 1699 216 1758 tium
244 1699 427 1758 mentionem
454 1700 561 1760 faeere.
611 1701 643 1759 in
666 1719 701 1759 eo
725 1703 844 1759 tantum
868 1699 923 1758 sub
945 1699 1051 1775 primis
1075 1700 1157 1777 prin·

91 1776 102 1804 '
139 1787 255 1864 cipibus
276 1789 347 1849 novi
366 1787 521 1847 cuiusdam
540 1789 653 1848 saeculi
671 1789 838 1866 agnoveris,
863 1788 942 1866 quod
961 1790 992 1847 et
1009 1788 1157 1850 naturalis

139 1877 275 1954 aequites
306 1877 386 1938 civili
409 1868 468 1958 (ll,
490 1881 505 1935 1
531 1898 560 1954 p.
589 1869 666 1960 114)
697 1882 728 1937 et
757 1877 838 1937 civili
868 1877 979 1935 rationi
1005 1877 1157 1940 naturalis

139 1967 301 2043 opponitur
319 1960 372 2044 (II,
394 1969 410 2024 1
431 1986 459 2042 p.
476 1959 555 2047 557)
575 1968 666 2044 atque
687 1965 722 2025 de
746 1984 781 2025 eo
801 1965 983 2042 disputatur,
1000 1985 1074 2025 num
1093 1966 1158 2042 qui·

138 2055 264 2114 busdam
291 2055 526 2133 obligationibus
553 2055 704 2132 peregrini
733 2073 850 2131 quoque
874 2056 1035 2114 teneantur
1058 2046 1155 2136 (11,1

138 2163 167 2219 p.
193 2146 233 2204 93
263 2148 293 2204 et
321 2135 416 2226 542).
474 2139 507 2202 in
542 2144 650 2203 ceteris
681 2163 741 2203 non
774 2142 809 2202 de
843 2143 992 2203 communi
1025 2144 1158 2204 omnium

138 2233 301 2310 bominum,
326 2235 377 2293 sed
402 2233 437 2292 de
460 2233 583 2309 proprio
606 2233 711 2310 populi
734 2231 862 2291 Romani
885 2232 950 2291 iure
974 2233 1084 2309 agitur.

228 2320 367 2381 Priorum
400 2322 496 2400 igitur
528 2322 722 2398 prudentium
755 2321 921 2381 sententiae
949 2320 1159 2398 librorumque

139 2411 319 2488 fragmenta,
339 2429 415 2488 quae
435 2414 520 2470 extra
539 2410 699 2470 iustiniani
712 2410 909 2488 Digestorum
927 2409 1021 2469 libros
1036 2413 1160 2472 servata

138 2500 235 2576 primo
255 2518 273 2558 a
291 2491 519 2574 Di1·ksenio,²
541 2504 646 2576 postea
669 2499 787 2576 plenius
807 2499 844 2557 ab
864 2491 1069 2558 Huschkio³
1087 2519 1158 2575 pro-

139 2589 240 2664 posita
263 2592 342 2662 sunt,
365 2608 432 2649 cum
451 2588 647 2666 Digestorum
669 2589 791 2648 illorum
815 2587 993 2663 fragmentis
1014 2588 1059 2648 ita
1077 2607 1159 2648 com-

138 2677 278 2753 ponenda
311 2680 410 2755 erant,
442 2680 478 2736 ut
509 2677 599 2736 unius
632 2679 776 2753 cuiusque
804 2675 976 2755 prudentia,
1008 2679 1158 2755 quantum

138 2765 228 2825 hodie
252 2767 349 2844 Hceat,
373 2769 581 2842 cognoscatur.

228 2854 434 2914 Discernenda
465 2858 567 2914 autem
600 2858 687 2915 erant
713 2872 856 2932 responsa
884 2854 1110 2915 consulentibus
1140 2875 1160 2916 a

139 2943 294 3004 veteribus
323 2944 395 3003 data
422 2963 440 3002 a
469 2945 624 3004 sententiis
652 2963 705 3020 per
729 2944 823 3003 libros
846 2943 959 3003 litteris
982 2943 1159 3022 mandatae,

138 3033 241 3107 plures
274 3033 354 3092 enim
384 3035 520 3093 auctores
548 3034 630 3112 iique
658 3032 831 3112 gravissimi
864 3032 1064 3109 respondendi
1090 3035 1159 3093 tan·

139 3126 205 3180 tum
228 3140 351 3181 munere
377 3123 495 3183 functos
520 3141 595 3200 esse,
617 3123 710 3184 libros
735 3140 910 3198 componere
928 3140 989 3181 non
1007 3122 1159 3183 curavisse

213 3297 236 3346 1.
258 3291 298 3346 cf.
317 3292 457 3361 Kruegeri
475 3291 588 3348 Codicis
608 3289 695 3346 editio
715 3311 742 3361 p.
757 3297 819 3347 489.

211 3368 237 3417 2.
257 3362 451 3419 Bruehstficke
474 3379 524 3418 aus
544 3364 598 3418 den
617 3363 759 3418 Schriften
777 3364 827 3418 der
844 3363 1004 3417 rbmischen
1022 3361 1158 3420 Juristen.

139 3432 318 3503 Kbuigsberg
337 3439 415 3489 1814.

211 3511 236 3562 3.
256 3505 494 3576 Iurisprudentiae
513 3503 749 3562 anteiustinianae
765 3522 838 3576 quae
853 3506 1011 3576 supersunt.
1043 3503 1159 3575 Lipsiae
