2422 3976
348 185 374 237 d.
396 179 606 236 IAVOLENUS
624 179 772 236 Perseus
999 182 1064 247 447

101 396 109 411 ·
138 377 191 443 De
212 379 362 461 nuntiam
383 380 554 445 venditione
575 384 604 444 et
625 381 661 444 de
683 380 829 445 mandato
852 381 978 445 emendi.

330 500 378 559 De
399 502 486 573 fundi
508 501 619 560 emendi
640 502 786 561 mandato.

143 608 198 675 37.
220 608 356 690 D.1v,1,
366 611 409 675 36
420 632 467 692 pr.
499 611 668 674 Iavolenus
682 610 767 675 libro
782 611 919 693 septimo
935 633 974 675 ex
989 609 1066 677 Oas-

54 697 401 783 ei0.-.-(1).17,1‚35.
423 697 576 763 Neratius
584 699 667 764 libro
677 701 789 783 quinto
798 700 1067 765 Membranarum.

55 786 91 855 si
117 787 268 869 fundum,
300 788 356 871 qui
384 808 422 851 ex
450 793 541 872 parte
569 792 644 851 tuus
673 792 736 873 eet,
765 788 914 852 mandavi
942 789 1003 853 tibi
1030 792 1068 853 ut

54 898 179 942 emeres
198 875 289 959 mihi,
305 897 416 941 vorum
436 883 486 941 est
504 875 693 940 mandatum
711 899 806 960 posse
819 877 867 941 ita
881 877 1068 960 consistere,

53 970 93 1031 nt
113 965 196 1031 mihi
219 965 333 1030 ceteris
352 965 502 1047 partibus
520 964 694 1049 redemptis
714 967 811 1029 etiam
831 970 921 1029 tuam
940 971 1068 1048 partem

30 1058 223 1139 ,praestaro
246 1053 374 1118 debeas.
416 1053 472 1117 aed
491 1054 518 1117 si
538 1054 666 1136 quidem
685 1059 773 1119 certo
793 1055 897 1138 pretio
917 1054 1068 1119 emendas

55 1164 112 1208 eaa
139 1141 375 1225 mandaverim,
402 1142 652 1225 quanticumque
681 1144 817 1207 aliorum
845 1148 954 1226 partes
979 1142 1067 1207 rede-

54 1230 169 1315 meris,
201 1231 249 1295 aie
279 1235 312 1294 et
337 1235 394 1294 tua
421 1253 497 1315 pars
526 1230 739 1313 coartabitur,
771 1236 808 1295 ut
834 1253 898 1295 uon
927 1231 1069 1295 abundet

55 1320 205 1385 mandati
233 1320 461 1404 quantitatem,
491 1320 523 1383 in
553 1341 648 1403 quam
676 1320 737 1383 tibi
765 1320 934 1383 emendum
962 1324 1068 1384 totum

55 1408 221 1475 mandavi.
244 1408 295 1472 sin
314 1411 424 1473 autem
441 1408 531 1472 nullo
551 1413 637 1472 certo
654 1409 757 1493 pretio
773 1410 949 1474 constituto
964 1430 1069 1473 emere

56 1496 119 1563 tibi
142 1498 362 1562 mandaverim
383 1502 482 1581 tuque
506 1519 544 1560 ex
567 1497 702 1562 diversis
725 1495 838 1581 pretiis
861 1502 968 1581 partes
987 1501 1069 1561 cete

55 1608 168 1652 rorum
192 1585 376 1668 redemeris,
404 1589 438 1650 et
460 1591 549 1650 tuam
573 1590 698 1668 partem
722 1585 783 1651 viri
809 1586 886 1650 boni
910 1587 1070 1651 arbitratu

57 1674 230 1740 aestimato
258 1675 361 1758 pretio
390 1673 460 1738 dari
490 1672 646 1760 oportet),
673 1676 719 1739 ita
746 1680 781 1739 ut
807 1696 910 1740 omnes
931 1695 1070 1740 summas

56 1765 191 1829 maiores
221 1767 250 1828 et
279 1764 414 1829 minores
444 1769 592 1828 coacervet
621 1768 650 1828 et
680 1764 726 1828 ita
751 1766 925 1846 portionem
956 1766 985 1828 ei
1016 1765 1071 1847 qni

57 1853 243 1919 mandatnm
270 1854 400 1935 suscepit
419 1857 560 1934 praestet.
611 1854 692 1934 qnod
717 1857 746 1916 et
767 1853 906 1935 plerique
927 1854 1070 1934 probant.
1178 1844 1182 1851 ’

148 1942 201 2007 38.
219 1939 259 2005 D.
273 1939 349 2004 ibid.
364 1943 383 2021 ἓ
396 1943 425 2006 1.
440 1978 482 1987 -
497 1940 604 2006 Simili
621 1942 709 2006 modo
727 1946 757 2005 et
772 1944 807 2005 in
825 1941 883 2006 itta
895 1943 1000 2027 specie,
1017 1941 1071 2006 ubi

59 2034 136 2095 ceria
169 2031 269 2113 pretio
307 2030 362 2094 tibi
398 2051 493 2094 unere
524 2031 674 2095 mandavi
704 2035 733 2094 et
763 2030 902 2094 aliarum
929 2032 1070 2111 partium

59 2119 184 2185 mminc
209 2120 361 2184 commode
383 2121 536 2202 neqotinm
555 2120 678 2202 qessisti
699 2124 727 2182 et
749 2119 843 2183 eitius
865 2120 986 2198 emeris,
1008 2139 1070 2200 pro

61 2212 115 2274 tua
140 2211 234 2290 parte
265 2212 386 2272 tantum
418 2208 473 2272 tibi
493 2213 687 2291 prandetur,
719 2209 828 2289 quenti
860 2209 982 2272 interest
1008 2212 1071 2291 tna,

60 2298 222 2362 dnmmodo
254 2298 341 2361 intra
371 2298 407 2361 id
432 2297 581 2378 pretium,
612 2298 694 2378 quod
719 2297 865 2360 mandato
893 2297 1070 2360 continetur.

60 2386 136 2469 qnid
155 2386 239 2450 enim
260 2387 320 2468 fiet,
341 2387 371 2450 si
392 2387 499 2468 eoique
517 2386 616 2466 pretio
639 2385 681 2465 nr,
703 2405 772 2449 cnm
793 2385 903 2466 quibus
920 2384 976 2449 tibi
993 2405 1070 2448 com·

61 2475 166 2540 munis
186 2472 305 2556 fundus
328 2478 402 2557 crat,
424 2495 488 2538 rem
507 2474 622 2539 abicere
638 2474 685 2538 eet
702 2475 874 2539 necessitate
891 2475 937 2538 rei
952 2472 1071 2554 fomiti-

62 2564 128 2629 arie
151 2562 199 2629 oet
220 2562 288 2627 alia
309 2583 404 2628 causa
427 2563 625 2647 coqerentur?
671 2583 734 2627 non
756 2565 849 2627 etiam
872 2568 905 2627 tu
927 2563 970 2626 ad
991 2562 1072 2626 idem

63 2652 259 2736 dispendium
281 2652 444 2717 deduceris.
484 2653 536 2716 sed
557 2672 610 2716 nec
633 2652 752 2715 tucrum
774 2652 831 2715 tibi
848 2672 885 2715 eu
903 2651 1072 2715 beccense

62 2741 224 2825 adquirere
258 2740 355 2823 debes,
387 2761 455 2805 cnm
481 2741 664 2805 mandatnm
687 2742 861 2823 qrotuitnm
887 2758 949 2804 esse
975 2739 1072 2816 debet;

64 2850 157 2912 neque
177 2830 265 2894 enim
288 2830 343 2894 tibi
365 2830 581 2894 concedendum
600 2834 644 2893 est
656 2833 782 2910 propter
799 2829 854 2893 tec
871 2829 1072 2893 venditionem

63 2919 217 3001 impedire,
241 2920 322 3000 qnod
339 2919 555 2983 animosiorem
573 2919 639 2982 eins
656 2920 702 2982 rei
719 2922 882 2999 emptorem
900 2938 961 2982 esse
979 2937 1072 2999 qnam

64 3008 119 3073 eoi
140 3008 324 3072 mandatnm
346 3012 391 3072 est
411 3008 589 3090 coqnooeris.

153 3096 205 3162 39.
233 3094 273 3161 D.
286 3096 361 3160 ibid.
376 3097 396 3176 ξ
411 3095 440 3160 2.
455 3133 496 3142 -
513 3095 601 3177 Quod
617 3097 646 3160 si
661 3096 805 3178 fundum,
827 3096 881 3176 qui
894 3116 952 3176 per
967 3098 1073 3176 partes

65 3186 157 3263 uenit,
185 3186 345 3250 ernendnm
371 3185 426 3250 tibi
450 3186 658 3264 mandassem,
685 3186 737 3248 sed
758 3185 815 3265 ita,
838 3188 873 3248 nt
897 3204 960 3248 non
982 3183 1074 3246 aliter

65 3275 212 3339 mandato
230 3277 342 3352 tenear,
364 3274 505 3355 quamsi
523 3279 618 3338 totum
634 3272 768 3354 fundum
786 3293 908 3355 emeres,
930 3273 960 3336 si
978 3276 1074 3335 totum

67 3382 161 3428 unere
186 3382 250 3428 non
271 3364 427 3445 potueris:
454 3364 489 3426 in
511 3363 657 3444 partibus
682 3363 816 3426 emendis
842 3361 898 3426 tibi
921 3361 1073 3443 neqotium

64 3452 204 3536 queuis,
239 3453 301 3517 sive
335 3451 477 3517 habueris
508 3453 543 3515 in
574 3472 606 3515 eo
631 3450 729 3531 fundo
754 3456 877 3532 portem
910 3451 972 3514 siue
1002 3469 1074 3529 non,

68 3546 95 3605 et
119 3542 244 3621 eueniet,
270 3545 307 3604 ut
332 3541 361 3606 is
387 3541 437 3605 cni
462 3540 521 3604 tate
543 3541 726 3604 mandatum
748 3542 857 3604 datum
880 3543 924 3603 est
945 3536 1087 3619 qaum>

1174 3706 1191 3819 i
