2422 3976
94 192 136 257 38
164 192 211 248 ΙΙΙ.
226 192 302 248 GAII
317 193 463 250 CLAUDII
477 194 990 255 NnRON.GALBAnruMP.1URIS
1003 201 1108 258 CONS.

465 399 566 459 Libri
587 399 730 458 HI-VI.

182 525 225 582 De
244 524 333 597 rebus
351 523 398 582 his
417 523 501 583 libris
520 524 659 583 tractatis
675 543 855 602 quamquam
870 528 946 587 nihil
961 532 1110 591 traditum

93 613 231 692 videtur,
262 631 342 688 cum,
379 612 458 688 quod
491 612 639 689 Ulpianus
675 613 711 674 D.
732 616 787 692 26,
808 620 840 692 1,
860 618 932 692 3,2
970 617 1111 680 Cassium

93 702 171 762 libro
191 702 244 761 VI*
257 701 411 777 scripsisse
436 701 487 776 ait,
510 701 606 761 errori
623 701 740 762 librarii
757 704 950 764 tribuendum
965 707 1110 769 'videatur

94 784 136 869 (v.
156 812 185 868 p.
205 782 276 869 58),
303 793 405 849 tamen
432 790 506 850 haec
535 792 598 850 fere
620 791 769 866 probabili
791 792 963 854 coniectura
986 799 1111 876 assequi

93 881 172 942 licet.
231 879 363 956 primum
400 877 519 938 Cassius
560 898 619 939 non
659 880 747 940 modo
788 884 1001 943 testamentum
1041 886 1110 948 iure

93 969 174 1030 civili
204 967 332 1047 factum,
369 967 422 1028 sed
452 968 528 1026 illud
561 987 678 1045 quoque
710 969 873 1045 explicasse
904 972 1037 1052 videtur,
1074 995 1112 1036 cx

94 1077 152 1135 qno
187 1060 310 1135 praetor
345 1056 533 1116 bonorum
568 1057 861 1132 possessionem
898 1062 1111 1124 seeundum

93 1148 238 1208 tabulas
269 1145 442 1222 pollicetur,
479 1144 516 1204 de
548 1165 606 1223 quo
639 1144 704 1206 Gai.
730 1148 763 1223 2,
789 1150 963 1226 119.147;
1001 1151 1111 1213 deinde

94 1236 309 1296 intestatorum
339 1234 536 1315 hereditates,
568 1234 604 1293 de
632 1234 739 1310 quibus
768 1233 832 1294 Gai.
853 1239 887 1313 3,
913 1240 1019 1298 1-17
1049 1241 1111 1303 dis-

93 1325 183 1403 serit,
220 1324 368 1401 explicare
405 1323 514 1383 debuit
570 1326 661 1400 atque
696 1323 807 1383 iterum
843 1345 904 1385 non
940 1329 1029 1388 modo
1067 1330 1110 1390 de

93 1413 273 1489 legitimis
302 1411 510 1487 heredibus,
539 1413 706 1472 sedetiam
730 1412 827 1473 deiis
852 1413 973 1475 Cassius
998 1417 1111 1479 dixisse

92 1503 227 1576 videtur,
263 1518 352 1577 quos
386 1503 533 1576 praetor
565 1502 608 1561 ad
639 1501 881 1561 hereditatem
913 1509 1034 1580 vocat,
1073 1508 1111 1568 de

93 1591 202 1667 quibus
222 1589 287 1648 Gai.
303 1590 331 1666 3,
347 1591 491 1666 18—383
513 1593 670 1665 praeterea
693 1591 733 1648 de
756 1590 975 1652 libertorum
993 1594 1109 1655 liher-

93 1679 324 1753 tinarumque
352 1677 532 1737 intestato
560 1681 781 1738 mortuorum
808 1685 1109 1761 mortuorumque

93 1768 210 1844 honis,
234 1766 270 1825 de
294 1766 404 1843 quibus
428 1766 491 1826 Gai.
503 1768 532 1844 3,
543 1768 687 1842 39-533
712 1767 752 1826 de
776 1768 878 1828 bonis
896 1769 1109 1832 Latinorum

92 1855 362 1930 libertinorum,
395 1855 430 1913 de
463 1855 570 1932 quibus
603 1854 667 1914 Gai.
693 1857 727 1933 3,
752 1858 897 1935 55—733
929 1859 971 1918 de
1004 1860 1109 1922 bonis

94 1964 226 2023 eorum,
246 1962 333 2022 quos
351 1944 408 2003 lex
421 1944 527 2003 Aelia
541 1942 668 2003 Sentis
686 1943 945 2006 dediticiorum
958 1968 1108 2011 numero

93 2034 196 2109 facit,
223 2034 259 2093 de
282 2034 390 2111 quibus
415 2031 479 2092 Gai.
495 2034 528 2109 3,
544 2034 689 2109 74-76,
718 2034 845 2112 denique
868 2036 909 2094 de
932 2036 1109 2098 bonorum

93 2123 337 2200 possessione,
373 2140 476 2198 quam
511 2124 659 2197 praetor
691 2126 817 2182 contra
848 2124 995 2186 tabulas
1028 2147 1111 2203 pro·

94 2211 224 2288 mittit,
248 2211 284 2270 de
308 2229 366 2286 qua
390 2209 455 2270 Gai.
470 2213 502 2288 2,
520 2212 681 2290 125.129.
698 2212 769 2271 135.

182 2300 265 2360 Haec
287 2300 370 2377 iura,
397 2317 473 2376 quae
498 2298 590 2359 Gaius
612 2302 644 2359 in
666 2300 910 2361 Institutionibus
935 2294 1034 2379 ‘quasi
1055 2323 1111 2380 per

93 2388 222 2449 indicem
252 2380 403 2465 tetigisse'
436 2387 510 2447 satis
542 2388 648 2448 habuit
678 2383 729 2468 (3,
744 2383 815 2468 51),
847 2389 1025 2466 diligentius
1052 2393 1111 2453 nisi

94 2478 231 2553 pluribus
259 2476 344 2536 libris
366 2476 492 2543 tractari
514 2496 574 2538 non
595 2477 729 2553 potuisse
753 2477 826 2537 satis
849 2483 982 2555 apparet.
1028 2481 1110 2561 quod

94 2567 171 2627 libro
198 2565 259 2625 VII
286 2564 420 2624 Cassium
453 2565 489 2624 de
521 2566 666 2626 bonorum
698 2566 885 2642 possessione
913 2570 1109 2646 emancipatis

94 2655 198 2716 liberis
231 2674 249 2714 a
275 2657 415 2730 praetore
445 2653 516 2714 data
545 2655 713 2732 disputasse
743 2654 887 2735 traditur,
917 2657 1109 2734 aliquatenus

96 2760 134 2802 ea
175 2742 403 2822 confirmantur,
440 2761 516 2819 quas
553 2745 589 2803 de
625 2744 715 2803 rebus
751 2744 901 2819 prioribus
938 2745 1024 2806 libris
1061 2766 1110 2807 ex·

95 2831 214 2908 plicatis
238 2832 456 2891 constituimus.

401 3022 451 3087 De
474 3023 616 3106 lepitimcs
638 3021 804 3087 homibus.

382 3153 430 3212 Do
451 3155 641 3227 inpensionem
663 3153 822 3213 herodibus.

463 3269 507 3323 Dc
524 3269 742 3338 coosacpcincc's.

187 3377 237 3443 11.
270 3377 310 3443 D.
329 3377 504 3459 38,16‚1,
522 3378 571 3442 10.
621 3376 780 3462 Ulpianus
807 3377 891 3443 libro
920 3379 1109 3445 duodecimo

97 3466 137 3531 ad
166 3464 322 3532 Sabinum
349 3466 398 3551 (P.
418 3463 530 3552 2513).
557 3501 599 3513 -
623 3464 890 3553 Consanguineos
918 3516 948 3532 ..
975 3466 1110 3534 Cassius

98 3555 210 3621 definit
233 3577 301 3640 cos,
324 3557 381 3640 qui
404 3555 563 3640 sangnine
586 3556 670 3620 inter
694 3577 729 3620 se
752 3556 865 3621 conexi
889 3559 974 3621 sunt
