2422 3976
244 178 279 235 IL
296 176 538 235 INOERTORUM
556 175 784 233 sumamma
803 177 850 230 ET
869 175 972 232 LIBRI
1047 176 1113 242 519

98 362 239 407 uxorem
260 340 411 405 heredem
435 341 563 423 scripsit
591 344 623 405 et
650 341 679 405 ei
708 340 876 404 substituit
902 341 993 404 filios.
1018 362 1114 423 quae-

99 432 203 495 situm
227 433 289 512 eat,
311 451 353 494 an
376 430 539 494 institutio
559 430 667 494 uxoris
690 428 809 493 nullius
829 430 984 492 momenti
1008 431 1052 493 sit
1075 450 1113 493 eo

99 517 189 603 quod
222 518 264 583 ab
297 539 335 583 eo
368 517 469 603 grado
502 519 561 582 filii
592 540 658 582 non
692 519 799 582 essent
829 516 1020 581 exheredati.
1066 540 1114 582 re-

101 606 234 691 spondi·
245 628 320 671 eum
345 607 490 692 gradum,
513 629 532 671 a
551 629 613 690 quo
631 605 691 670 filii
709 607 876 688 praeteriti
895 606 971 690 sint,
993 605 1114 671 nullius

102 717 175 761 esse
190 695 354 778 momenti,
369 699 402 760 et
414 695 495 777 ideo,
509 717 582 759 oum
595 694 680 759 idem
695 694 864 759 substituti
881 699 1114 779 proponantur,

103 806 143 849 ex
164 787 361 849 testamento
377 805 432 848 eos
446 784 579 849 heredes
597 783 743 848 extitisse
762 782 872 866 videri,
895 783 1019 847 scilicet
1037 784 1114 866 quia

103 894 168 937 non
185 876 293 938 totum
313 876 543 937 testamentum
561 872 726 936 infirmant
742 871 809 954 filii,
830 871 884 935 sed
899 876 1025 936 tantum
1041 894 1114 936 eum

104 960 254 1047 madum,
286 960 342 1046 qui
374 961 414 1025 ab
446 961 539 1026 initio
570 982 637 1024 non
665 961 779 1045 valuit,
812 959 896 1024 siout
922 982 1114 1043 responsum

104 1058 165 1133 est,
194 1049 223 1113 si
251 1073 271 1114 a
297 1050 402 1132 primo
432 1051 475 1114 sit
501 1050 587 1114 filius
615 1049 821 1134 praeteritus,
849 1071 869 1113 a
892 1048 1030 1114 seeundo
1060 1071 1112 1114 ex-

106 1136 284 1204 heredatus.

192 1244 236 1309 2?
268 1242 308 1309 D.
327 1245 380 1323 28,
398 1245 428 1327 2,
442 1245 472 1310 2.
509 1243 599 1308 Idem
629 1242 685 1327 (so.
710 1240 882 1328 Ulpianus)
911 1243 995 1308 libro
1024 1246 1112 1308 sexto

104 1330 311 1417 Regularum.
344 1369 388 1379 -
419 1331 624 1398 Nominatim
657 1332 865 1396 exheredatus
894 1332 980 1396 filius
1009 1336 1041 1396 et
1068 1333 1114 1396 ita

104 1420 233 1487 ridetur
264 1421 361 1486 ‘filius
384 1444 473 1486 meus
498 1422 629 1486 exheres
653 1419 744 1503 esto',
772 1421 798 1484 si
822 1442 881 1484 neo
903 1441 1020 1485 nomen
1045 1421 1113 1484 eius

105 1530 289 1593 expressum
314 1511 365 1594 sit,
389 1511 417 1574 si
439 1510 534 1575 modo
558 1510 671 1574 unicus
692 1510 748 1594 sit3
771 1531 847 1573 nam
866 1510 893 1573 si
911 1510 1019 1593 plures
1039 1511 1114 1573 sunt

104 1598 176 1682 lilii,
212 1599 352 1685 benigna
382 1599 649 1683 interpretatione
681 1598 790 1682 potius
824 1620 843 1662 a
870 1598 1032 1682 plerisque
1065 1620 1113 1662 re·

104 1686 280 1771 spondetur
302 1687 426 1751 nullum
450 1688 677 1753 exheredatum
701 1709 779 1751 esse.

379 1863 429 1929 De
450 1867 642 1947 adquirendo
664 1865 834 1930 hereditate.

191 1989 223 2054 3.
247 1987 286 2052 Ι).
309 1988 362 2071 39,
385 1989 415 2066 6,
433 1989 485 2053 21.
508 1988 597 2053 Idem
617 1986 674 2074 (se.
693 1986 852 2072 Iulianus)
870 1988 954 2052 libro
974 1988 1112 2053 seeundo

99 2076 142 2142 ad
158 2076 314 2143 Urseium
328 2076 488 2142 Ferocem.
506 2113 543 2123 —
559 2076 644 2141 Eum
659 2078 714 2161 qui
728 2085 765 2141 ut
780 2078 882 2141 adiret
901 2077 1112 2141 hereditatem

98 2165 272 2252 pecuniam
300 2167 484 2249 accepisset,
505 2166 718 2249 plerique...
740 2166 976 2250 responderunt
997 2165 1111 2229 mortis

97 2277 200 2321 eausa
224 2274 296 2319 eam
320 2275 444 2338 cupere.

155 2360 158 2364 ’
191 2365 229 2424 af.
253 2364 293 2443 II,
317 2367 335 2423 2
359 2386 386 2440 p.
412 2368 484 2425 264.

192 2485 224 2549 4.
247 2483 286 2548 D.
301 2484 353 2564 29,
367 2485 396 2563 2,
410 2484 463 2566 45,
477 2485 507 2548 4.
530 2482 620 2548 Idem
644 2480 702 2570 (so.
716 2480 876 2569 Iulianus)
899 2484 983 2548 libro
1006 2483 1112 2569 primo

97 2574 140 2639 ad
163 2571 316 2639 Urseium
331 2571 490 2636 Ferocem.
508 2609 544 2619 —
571 2622 623 2638 ...
647 2595 666 2637 a
685 2572 876 2657 quibusdam
894 2574 1113 2657 respondetur,

97 2664 127 2728 si
157 2662 244 2726 liber
269 2661 368 2726 homo
396 2661 450 2743 qui
477 2661 563 2725 bona
592 2661 654 2725 fide
677 2660 756 2725 mihi
784 2661 954 2745 serviebat,
980 2664 1114 2746 propter

97 2772 151 2817 me
173 2750 270 2814 heres
293 2750 462 2814 institutus
489 2751 559 2831 erit,
582 2771 676 2833 posse
704 2772 777 2814 eum
804 2750 894 2814 iussu
924 2773 994 2815 meo
1024 2751 1112 2816 adire

96 2837 323 2905 hereditatem.

514 2962 564 3026 De
586 2963 700 3044 leyotia

460 3091 507 3150 De
529 3093 592 3151 dote
613 3093 747 3166 relepotu.

190 3202 221 3266 5.
246 3199 285 3266 D.
309 3201 361 3285 31,
385 3201 428 3266 82
451 3222 497 3284 pr.
520 3199 609 3264 Idem
634 3199 690 3285 (so.
714 3198 849 3286 Paulus)
879 3200 963 3264 libro
988 3200 1110 3264 deoimo

105 3288 345 3365 Quaestionum.
372 3325 414 3336 -
516 3294 549 3352 in
574 3289 649 3353 dote
672 3288 828 3372 relegatal
850 3310 1038 3369 responsum
1062 3294 1112 3352 est

105 3382 204 3443 totam
229 3400 301 3443 eam
325 3399 363 3441 ex
385 3380 581 3442 testamento
605 3377 673 3461 peti
695 3398 800 3461 posse.

173 3548 197 3600 1.
216 3543 265 3599 Fz.
284 3543 455 3611 praelegata.
