2422 3976
1019 198 1084 254 xlx

63 367 175 442 potest,
204 363 232 424 si
259 363 298 423 ad
325 363 427 440 priora
453 363 643 425 recurrimus.
693 366 764 441 post
791 365 885 427 rerba
914 366 994 427 enim
1016 368 1082 428 illa:

63 447 259 531 ‘consequens
281 455 337 530 est,
360 455 396 512 ut
417 452 452 512 de
471 453 706 530 magistratuum
724 455 896 515 nominibus
916 459 947 516 et
966 457 1082 533 origine

61 535 286 620 cognoscamus'
312 539 332 617 ἓ
353 544 394 601 14
418 541 461 602 sic
482 542 602 618 incipit:
632 536 746 612 ‘Quod
773 545 816 603 ad
838 545 1082 623 magistratus

62 623 220 710 attinet',
255 649 332 709 quae
361 631 454 692 verba
483 631 521 690 ad
551 631 643 690 eliam
672 650 736 690 rem
767 633 908 693 videntur
945 638 1081 711 spectare

61 739 138 798 quae
184 719 258 779 olim
297 738 365 780 cum
400 719 629 798 magistratibus
662 721 819 782 coniuncta
860 723 957 800 iisque
993 741 1082 800 prae-

60 809 154 868 missa
172 808 281 868 fuerat.
314 826 391 884 quae
409 828 458 869 res
477 809 575 885 qualis
593 809 696 887 fuerit,
714 810 838 886 Ulpiani
850 811 1082 872 Institutionum

59 898 232 976 fragmento
264 896 428 974 indicatur,
459 899 513 958 ubi
540 899 614 958 baec
641 898 786 977 leguntur
815 893 864 978 (D.
887 904 964 978 1,1‚
985 903 1013 979 1,
1034 895 1082 981 2):

60 981 172 1046 ‘Huius
202 985 298 1046 studii
327 986 404 1045 duae
433 989 504 1045 sunt
530 987 708 1064 positiones,
738 987 891 1063 publicum
921 992 952 1049 et
983 989 1082 1067 priva·

59 1079 134 1135 tum.
184 1075 342 1152 publicum
371 1075 419 1134 ius
452 1078 499 1134 est
531 1076 612 1153 quod
642 1077 681 1136 ad
715 1079 831 1136 statum
857 1078 903 1136 rei
930 1077 1083 1138 Romanae

60 1167 192 1241 spectat,
292 1163 447 1240 publicum
472 1164 579 1223 insin
603 1165 730 1242 sacris,
754 1164 792 1225 in
818 1167 1082 1243 sacerdotibus,

57 1254 95 1312 in
108 1252 394 1331 magistratibus
408 1248 606 1313 consistit'.
634 1253 781 1312 accedunt
794 1253 942 1330 imprimis
959 1274 1080 1331 eaquae

57 1342 169 1402 Festus
193 1362 223 1418 p.
242 1342 306 1401 245
331 1341 367 1400 de
390 1341 519 1418 publicis
542 1342 635 1402 sacris
659 1344 690 1401 et
712 1342 817 1402 Livius
841 1341 856 1402 I
881 1345 923 1402 20
949 1342 986 1402 de
1009 1362 1082 1419 pon·

56 1430 176 1490 tificum
204 1430 304 1490 officio
332 1432 472 1490 tradunt:
501 1425 635 1507 ‘publica
663 1424 760 1491 sacra'
789 1424 844 1510 (sc.
869 1424 968 1512 sunt),
993 1426 1083 1509 ‘quae

57 1519 180 1597 publico
209 1523 333 1596 sumptu
362 1539 415 1595 pro
439 1522 552 1597 populo
575 1519 666 1596 fiunt,
691 1539 827 1597 quaeque
850 1540 904 1597 pro
928 1521 1082 1580 montibus

56 1609 146 1687 pagis
169 1608 251 1668 curis
274 1609 402 1684 sacellis3
428 1611 461 1668 at
483 1609 612 1686 private,
635 1624 712 1686 quae
731 1629 785 1685 pro
809 1609 937 1686 singulis
955 1609 1083 1669 bomini·

57 1698 114 1757 bus
141 1695 268 1756 familiis
297 1696 438 1776 gentibus
465 1691 564 1758 fiunt'
610 1691 792 1774 ‘pontificem
817 1743 850 1758 ..
875 1699 1006 1760 Numam

58 1805 96 1846 ex
113 1785 255 1862 patribus
274 1786 351 1864 legit
369 1787 455 1864 eique
475 1805 559 1847 sacra
578 1787 678 1847 omnia
697 1788 848 1863 exscripta
864 1788 1082 1865 exsignataque

59 1875 216 1946 attribuit,
240 1875 350 1951 quibus
378 1875 499 1951 hostiis,
522 1875 632 1953 quibus
657 1876 776 1954 diebus,
804 1877 843 1935 ad
866 1895 944 1953 quae
967 1877 1083 1953 templa

61 1981 146 2024 sacra
168 1965 287 2040 fierent,
315 1967 407 2042 atque
429 1965 508 2023 unde
531 1965 563 2024 in
587 1983 638 2024 eos
662 1967 800 2041 sumptus
823 1965 953 2041 pecunia
976 1984 1082 2042 eroga-

60 2054 152 2113 retur,
215 2056 317 2113 cetera
349 2072 468 2131 quoque
501 2053 601 2113 omnia
632 2054 755 2129 publica
787 2054 964 2131 privataque
998 2072 1082 2113 sacra

58 2141 211 2218 pontificis
241 2141 325 2202 scitis
349 2142 491 2220 subiecit,
520 2145 556 2201 ut
580 2146 672 2220 esset,
701 2162 758 2221 quo
783 2139 1081 2219 consultum'plebes

57 2230 190 2307 veniret,
225 2249 263 2290 ne
295 2231 368 2307 quid
400 2231 494 2292 divini
526 2231 601 2291 iuris
632 2232 818 2310 neglegendo
851 2232 966 2308 patrios
1003 2231 1082 2291 ritus

57 2319 297 2396 peregrinosque
321 2320 513 2380 adsciscendo
536 2320 724 2397 turbaretur3
748 2340 802 2380 nec
826 2322 969 2380 caelestes
994 2320 1082 2379 modo

59 2408 260 2468 caerimonias
298 2409 349 2468 sed
390 2409 472 2468 iusta
513 2428 632 2487 quoque
677 2410 815 2470 funebria
859 2409 1081 2486 placandosque

57 2515 163 2557 manes
187 2500 223 2558 ut
250 2496 329 2556 idem
356 2498 494 2574 pontifex
520 2498 668 2572 edoceret,
697 2517 832 2576 quaeque
859 2498 999 2575 prodigia
1021 2498 1081 2555 ful-

58 2585 191 2646 minibus
220 2586 318 2647 aliove
346 2605 404 2664 quo
427 2587 496 2648 visu
519 2588 610 2647 missa
635 2587 857 2663 susciperentur
881 2589 973 2664 atque
997 2604 1081 2645 cura·

59 2668 189 2734 rentur.'

148 2765 373 2841 Responsorum
391 2764 486 2842 igitur
502 2784 520 2824 a
533 2765 725 2842 pontificibus
740 2763 880 2823 datorum
896 2764 955 2823 duo
970 2782 1082 2841 genera

60 2870 126 2912 esse
155 2856 296 2928 apparet:
324 2872 417 2913 unum
446 2873 550 2913 eorum
574 2873 650 2931 quae
673 2853 815 2932 privetis,
839 2853 968 2912 alterum
992 2852 1080 2928 idque

58 2941 225 3017 principale
254 2960 370 3020 eorum,
399 2962 476 3020 quae
498 2943 573 3019 regi,
597 2943 839 3020 magistratibus,
866 2941 986 3002 senatui
1009 2941 1081 3000 data

60 3033 140 3089 sunt
172 3031 331 3107 utriusque
350 3032 469 3109 generis
489 3033 624 3108 exempla
642 3033 691 3092 vel
708 3031 796 3091 hodie
817 3034 928 3090 extant.
961 3048 1032 3089 nam
1051 3032 1082 3089 et

60 3118 103 3179 sic
127 3118 274 3195 scriptum
297 3120 447 3181 videmus:
472 3113 514 3178 ‘in
538 3138 572 3179 eo
597 3122 647 3198 qui
671 3121 704 3179 in
721 3139 798 3181 nave
816 3121 949 3197 necatus,
973 3117 1080 3177 deinde

59 3207 92 3266 in
115 3226 199 3267 mare
221 3208 374 3285 proiectus
397 3212 486 3286 esset,
510 3209 642 3270 decrevit
660 3208 693 3269 P.
712 3203 840 3269 Mucius'
861 3200 891 3289 (I
911 3229 939 3285 p.
961 3200 1027 3286 33).
1051 3207 1082 3264 et

59 3296 185 3356 alterius
209 3298 328 3376 generis
352 3299 488 3376 exempla
505 3297 580 3359 haec
603 3301 686 3357 sunt:
710 3292 754 3356 Ῥ.
778 3297 924 3359 Scaevoia
947 3294 1082 3370 pontifex

60 3385 209 3446 maximus
239 3404 297 3462 pro
326 3388 451 3466 collegio
486 3387 652 3462 respondit:
686 3387 765 3465 quod
797 3388 828 3445 in
859 3385 925 3445 loco
959 3382 1080 3460 publico

61 3473 209 3554 Licinnia,
234 3475 292 3534 Gai
313 3475 385 3555 filie,
409 3477 526 3536 iniussu
549 3476 654 3552 populi
677 3474 857 3552 dedicasset,
881 3491 998 3533 sacrum
1020 3488 1082 3529 non

63 3557 202 3624 viderier'
228 3559 258 3643 (Ι
283 3585 311 3641 p.
332 3558 398 3647 33),
423 3568 454 3626 et
475 3567 644 3640 praetorem
669 3565 720 3642 qui
743 3561 848 3622 diebus
872 3561 998 3621 nefastis
1021 3558 1085 3619 tria

824 3662 869 3724 b*
