2422 3976
143 184 186 248 52
213 185 261 240 ΙΠ.
276 184 354 238 cml
367 184 516 240 CLAUDII
524 184 659 241 NERON.
671 186 815 241 GALBAE
827 185 934 242 ΤΕΜΡ.
944 186 1041 242 IUBIS
1055 188 1158 246 CONS.

143 370 234 414 servo
263 349 307 412 sit
334 346 510 431 adscripta,
538 371 579 412 an
607 349 679 413 vivo
707 349 846 434 pupillo,
874 353 950 434 post
979 349 1160 417 aditionem

142 437 290 502 videlicet
303 435 492 501 hereditatis
506 438 618 520 patris,
632 439 804 502 statuliber
817 439 881 503 sit?
897 437 1033 504 Cassius
1049 446 1161 525 negat.

231 527 282 590 63.
314 525 353 590 D.
368 524 421 606 35,
438 526 466 607 1,
481 525 531 607 72,
548 527 576 589 7.
625 524 713 590 Idem
746 525 803 610 (sc.
826 526 1039 612 Papinianus)
1070 529 1158 596 libro

142 620 256 680 octavo
283 613 405 678 decimo
430 612 661 688 Quaestionum
684 613 733 699 (P.
748 613 837 701 272).
860 652 903 662 -
926 615 1058 682 Falsum
1082 640 1167 687 con·.

143 703 301 768 dicionem
322 700 454 767 Cassius
473 705 506 765 et
524 700 653 767 (laelius
673 701 812 767 Sabinus
831 704 1067 787 impossibilem
1087 729 1160 773 esse

142 790 306 874 dixerunt,
329 791 441 856 veluti:
465 790 675 875 ‘Pamphilae
699 792 725 855 si
751 792 836 875 quod
859 792 944 858 Titio
968 793 1070 860 debeo
1095 797 1160 860 sol·

142 881 238 965 verit,
269 879 351 944 liber
381 877 471 962 esto'‚
504 881 532 943 si
563 879 656 943 modo
683 879 766 944 nihil
794 879 879 946 Titio
906 881 970 946 fuit
997 881 1160 969 debitum3

142 967 229 1052 quod
256 968 284 1033 si
311 973 387 1052 post
415 971 644 1033 testamentum
672 967 793 1033 factum
821 973 958 1035 testator
985 972 1160 1054 pecuniam

140 1057 291 1141 exsolvit,
315 1057 466 1120 defecisse
491 1056 711 1120 condicionem
735 1056 892 1143 intellegi.

231 1146 283 1210 64.
315 1145 354 1209 D.
368 1145 421 1228 40,
435 1145 464 1227 5,
479 1144 530 1210 35.
575 1145 759 1210 Maecianus
783 1146 867 1210 libro
891 1146 1005 1231 quinto
1029 1146 1158 1214 decimo

141 1232 478 1299 Fideicommissorum
505 1230 555 1320 (P.
576 1231 644 1322 51).
675 1269 713 1279 -
743 1233 815 1298 Gaii
844 1233 947 1300 Cassii
975 1285 1009 1300 ..
1042 1240 1095 1301 est
1124 1286 1160 1303 ..

141 1323 302 1387 sententia
325 1322 540 1386 existimantis
565 1326 597 1387 et
619 1322 729 1386 heredi
753 1327 786 1386 et
808 1324 968 1409 legatario
987 1324 1160 1390 remitten-

142 1411 216 1475 dam
236 1409 396 1475 interdum
415 1412 537 1495 proprii
556 1412 641 1475 servi
656 1412 903 1477 manumittendi
918 1414 1160 1497 necessitatem,

142 1501 169 1564 si
196 1501 246 1563 vel
274 1521 351 1563 usus
379 1504 447 1562 tam
475 1501 675 1564 necessarius
704 1504 804 1581 esset,
831 1504 868 1564 ut
895 1522 1067 1566 eocarere
1091 1524 1158 1568 non

139 1586 319 1670 expediret,
345 1587 447 1651 veluti
473 1587 703 1670 dispensatoris
727 1589 946 1674 paedagogive
969 1590 1160 1677 liberorum,

141 1675 191 1738 vel
211 1678 339 1738 tantum
357 1675 509 1740 delictum
529 1680 588 1760 est,
608 1680 645 1740 ut
663 1677 744 1741 ultio
763 1677 958 1742 remittenda
976 1700 1042 1743 non
1061 1685 1160 1746 esset.

231 1760 283 1827 65.
317 1763 353 1826 D.
372 1764 425 1846 40,
443 1766 474 1846 4,
492 1764 545 1829 57.
596 1763 696 1828 Gaius
729 1766 813 1831 libro
844 1767 942 1830 tertio
975 1766 1014 1830 de
1045 1789 1158 1833 manu·

142 1850 349 1916 missionibus
368 1849 419 1938 (P.
432 1849 522 1938 480).
540 1888 585 1898 -
666 1851 777 1918 Sabini
796 1860 830 1917 et
849 1853 953 1919 Cassii
973 1857 1158 1921 sententiae

141 1990 176 2006 ..
208 1941 262 2024 qui
295 1941 482 2005 existimant
515 1943 685 2006 consilium
717 1944 867 2026 caiusque
896 1944 1158 2009 manumittentis

142 2030 282 2113 spectari
305 2028 428 2094 debere.

517 2172 568 2237 De
580 2136 786 2238 ’sarcolare

232 2299 283 2364 66.
316 2297 354 2360 Ι).
374 2298 427 2378 40,
447 2298 476 2376 7,
494 2298 524 2377 4,
544 2297 572 2360 8.
623 2296 741 2361 Paulus
773 2296 857 2361 libro
892 2298 1004 2381 quinto
1034 2299 1075 2362 ad
1103 2297 1159 2364 Sa·

143 2388 255 2452 binum
280 2383 329 2473 (P.
345 2383 456 2469 1697).
480 2421 522 2431 -
542 2383 673 2449 Cassius
698 2386 744 2450 ait
767 2387 804 2470 ei,
828 2386 883 2470 qui
906 2387 1028 2451 servire
1051 2388 1159 2452 iussus

144 2479 194 2542 est
217 2497 312 2558 anuo,
334 2474 415 2538 illud
438 2477 576 2558 tempus,
600 2495 663 2557 quo
687 2474 721 2538 in
743 2473 824 2558 fuga
845 2475 956 2538 situel
976 2476 1009 2538 in
1029 2481 1157 2541 contro·

144 2566 249 2630 versia
271 2586 329 2648 pro
352 2563 518 2646 libertate,
541 2584 606 2626 non
629 2563 809 2645 procedere.

233 2653 285 2717 67.
317 2651 355 2717 D.
374 2651 427 2734 40,
447 2652 476 2734 7,
494 2652 524 2734 3,
545 2652 573 2715 1.
592 2652 622 2715 2.
671 2651 760 2715 Idem
790 2647 847 2737 (so.
871 2649 1046 2738 Ulpianus)
1073 2654 1159 2718 libro

145 2742 320 2806 vicensimo
350 2740 486 2824 septimo
515 2739 556 2803 ad
584 2737 738 2803 Sabinum
763 2736 813 2825 (P.
828 2737 940 2826 2697).
962 2777 1007 2787 -
1113 2764 1159 2806 re-

146 2834 272 2913 ceptum
301 2833 350 2894 est
378 2879 421 2907 ..,
448 2833 485 2892 ut
513 2849 623 2892 servus
651 2826 828 2911 peculiares
857 2850 983 2914 quoque
1006 2850 1159 2896 nummos

146 2917 251 2982 dando
279 2919 448 3002 perveniat
473 2916 514 2981 ad
541 2917 739 3000 libertatem,
771 2918 837 2981 sive
865 2917 927 3001 ipsi
954 2917 1065 2982 heredi
1092 2921 1160 2984 sive

146 3006 201 3071 alii
225 3006 301 3070 dare
323 3007 429 3071 iussus
454 3011 512 3069 est.
553 3004 627 3068 inde
651 3006 825 3090 quaeritur,
849 3007 876 3069 si
898 3006 982 3070 forle
1001 3005 1160 3073 debeatur

146 3094 281 3181 pecunia
312 3095 388 3160 huic
420 3115 510 3158 servo
542 3093 593 3156 vel
626 3094 666 3157 ab
696 3093 825 3179 herede,
858 3095 943 3179 quod
971 3095 1005 3159 in
1033 3095 1160 3161 domiui

145 3185 304 3248 rationem
331 3184 403 3268 plus
432 3185 633 3265 erogaverat,
663 3183 712 3246 vel
740 3183 780 3246 ab
805 3187 969 3265 extrane0,
996 3205 1056 3248 nec
1080 3186 1160 3251 velit

146 3274 239 3337 heres
281 3272 460 3336 debitorem
501 3271 670 3335 convenire
712 3271 761 3335 vel
804 3273 993 3336 statulibero
1032 3275 1159 3339 solvere

147 3362 330 3447 pecuniam,
363 3381 404 3423 an
433 3358 547 3422 debeat
574 3359 613 3423 ad
641 3359 824 3424 libertatem
853 3361 1031 3444 pervenire,
1067 3364 1160 3446 quasi

147 3471 271 3514 moram
299 3469 356 3531 per
386 3447 535 3511 heredem
567 3448 717 3530 patiatur.
759 3453 790 3513 et
829 3453 885 3513 aut
912 3450 1056 3534 legatum
1085 3451 1160 3517 huic

148 3537 339 3602 statulibero
358 3536 421 3601 fuit
438 3536 597 3620 peculium
618 3542 675 3601 aut
692 3559 767 3603 non.
798 3539 825 3602 si
840 3538 983 3622 legatum
997 3541 1161 3621 peculium
