2422 3976
466 160 489 209 a
508 151 695 209 Paocuaus
1023 154 1085 219 159

99 319 231 400 capturus
248 338 308 402 pro
326 320 430 401 parte,
449 316 533 401 quod
551 314 772 399 impenderim,
788 316 906 382 iudicio
924 319 1089 384 societatis
1108 366 1112 373 -

99 409 144 468 aut
166 405 325 471 communi
352 404 527 470 dividundo
645 408 678 469 et
704 409 754 469 est
780 405 876 488 plane
903 411 1089 471 nostrorum

99 497 322 578 praeceptorum
354 494 435 559 haec
467 494 640 577 sententia,
674 497 712 557 ut
743 494 908 560 credamus
939 494 1089 560 inutilem

98 601 154 645 esse
182 583 291 647 damni
319 582 431 648 infecti
458 582 712 668 stipulationem,
744 603 807 666 quo
835 604 910 648 casu
937 583 1089 648 damnum

100 669 152 734 alia
171 673 295 738 actione
318 671 430 736 sarciri
452 669 564 755 possit.

170 759 233 825 817
261 759 382 825 Damni
406 760 517 826 infecti
540 759 783 844 stipulationem
807 781 845 824 eo
864 781 990 844 quoque
1014 782 1090 826 casu

97 846 192 913 utilem
221 870 306 931 esse,
333 868 397 934 quo
425 848 489 913 alia
512 848 638 914 actione
667 847 818 913 damnum
843 848 954 930 sarciri
977 850 1090 932 possit,

41 992 43 997 .
96 931 231 1002 Proculus
255 938 383 1003 videtur
405 937 614 1002 existimasse.
656 935 695 1001 cf.
714 935 752 1005 D.
768 937 823 1021 39,
839 937 873 1019 2,
889 938 931 1002 32
955 934 999 1024 (v.
1013 937 1088 1021 ll,l

95 1023 165 1105 W
187 1021 211 1112 l
346 1088 350 1095 ’
453 1094 503 1161 De
525 1097 717 1162 condictione.

41 1160 46 1279 l
168 1203 218 1269 82.
255 1201 294 1267 Ι).
315 1203 365 1284 12,
386 1204 484 1282 1,11‚
505 1203 533 1268 1.
587 1202 678 1267 Idem
716 1200 774 1289 (sc.
797 1201 973 1287 Ulpianus)
1005 1202 1090 1267 libro

99 1287 256 1357 vicensimo
276 1297 367 1356 sexto
386 1291 426 1356 ad
444 1291 583 1357 edictum
602 1288 651 1376 (P.
663 1288 767 1378 769⁶).
783 1328 825 1338 —
841 1289 877 1357 si
893 1291 956 1356 tibi
975 1290 1091 1356 dedero

95 1374 187 1451 decem
215 1382 275 1464 sic,
307 1385 344 1444 ut
370 1401 485 1445 novem
514 1379 644 1464 debeas,
672 1379 828 1445 Proculus
857 1381 915 1463 ait,
1025 1401 1091 1444 non

97 1467 220 1551 amplius
252 1472 286 1533 te
318 1470 389 1552 ipso
421 1469 490 1533 iure
522 1468 638 1533 debere
670 1489 765 1552 quam
796 1490 921 1534 novem.
974 1468 1030 1532 sed
1063 1469 1091 1533 si

96 1552 211 1641 dedero,
243 1562 281 1622 nt
312 1556 458 1622 undecim
486 1557 617 1641 debeas,
648 1561 742 1641 putat
768 1557 923 1623 Proculus
953 1557 1091 1640 amplius

97 1661 176 1727 quam
199 1646 309 1711 decem
334 1646 458 1711 condici
481 1666 546 1710 non
570 1668 673 1730 possa.

170 1735 220 1801 83.
243 1733 283 1799 D.
299 1736 349 1817 12,
361 1737 389 1820 1,
399 1735 428 1816 9,
439 1735 468 1800 9.
514 1733 673 1817 Ulpianus
696 1735 779 1799 libro
804 1735 977 1800 vicensimo
1001 1737 1092 1800 sexto

96 1820 126 1884 ad
157 1823 296 1888 edictum
329 1820 378 1906 (P.
402 1821 506 1909 76912).
537 1860 581 1870 -
612 1822 758 1908 Deposui
790 1823 877 1906 apud
907 1827 939 1888 te
972 1823 1093 1906 decem,

96 1914 192 1988 postea
218 1911 352 1996 permisi
379 1911 440 1976 tibi
467 1911 528 1976 uti:
556 1911 665 1978 Nerva
690 1912 846 1977 Proculus
875 1913 973 1976 etiarn
1003 1915 1092 1976 ante-

97 2015 175 2079 quam
212 2005 415 2078 moveantur,
451 2001 618 2066 condicere
653 2002 747 2084 quasi
778 2004 891 2065 mutua
923 2000 984 2064 tibi
1016 2000 1092 2064 haec

98 2101 176 2164 posse
199 2088 296 2173 (me)
319 2089 418 2154 aiunt.

170 2178 220 2243 84.
244 2176 284 2242 Ι).
300 2178 349 2262 12,
358 2179 389 2258 4,
400 2178 429 2258 3,
439 2179 470 2243 3.
515 2175 672 2260 Ulpianus
695 2177 778 2241 libro
803 2177 977 2241 vicensimo
1002 2180 1093 2241 sexto

100 2260 129 2326 ad
140 2265 276 2332 edictum
292 2262 341 2351 (P.
353 2263 456 2352 77212).
466 2302 508 2312 —
522 2265 606 2342 Quid
621 2266 649 2329 si
662 2266 709 2329 ita
723 2264 803 2348 dedi,
819 2270 855 2329 ut
869 2265 956 2329 intra
971 2268 1094 2329 certum

41 2356 43 2375 ²
100 2347 208 2438 tempus
232 2355 443 2443 manumittas
465 2352 524 2441 (sc.
538 2351 721 2439 Stichum?
758 2355 785 2418 si
803 2353 945 2417 nondum
965 2357 1094 2435 tempus

101 2443 258 2521 praeteriit,
277 2442 452 2507 inhibenda
471 2444 533 2506 erit
550 2442 711 2527 repetitio,
729 2443 792 2506 nisi
812 2442 989 2524 paeniteat,
1010 2440 1094 2524 quod

103 2523 311 2616 apaetesis,
334 2531 458 2597 cundici
477 2532 605 2616 poterit.
642 2531 697 2595 sed
717 2531 745 2595 si
764 2529 894 2594 Stichus
914 2530 1096 2611 decesserit,

104 2628 133 2678 ω]
157 2620 258 2703 repeti
291 2619 373 2705 quod
403 2620 512 2684 datum
540 2624 590 2684 est
615 2619 741 2703 possit?
791 2618 945 2683 Proculus
976 2619 1034 2703 ait,
1067 2619 1096 2684 si

104 2708 160 2779 post
178 2708 210 2772 id
235 2707 392 2791 temporis
416 2708 597 2792 decesserit,
621 2729 683 2791 quo
703 2708 888 2772 manumitti
906 2706 1024 2790 potuit,
1046 2729 1095 2771 re·

105 2794 274 2867 petitionem
299 2818 381 2881 esse,
403 2797 432 2861 si
456 2797 575 2881 minus,
599 2817 733 2862 cessare.
935 2843 937 2847 ·

41 2883 46 2923 ¹
176 2884 226 2951 85.
253 2883 334 2949 Ibid.
350 2887 370 2966 ξ
385 2884 415 2949 4.
432 2922 470 2932 -
487 2884 571 2960 Quin
594 2887 692 2949 immo
717 2889 750 2948 et
774 2885 802 2948 si
825 2884 907 2949 nihil
933 2886 993 2950 tibi
1013 2885 1094 2966 dedi,

106 2966 132 3026 ll
146 2973 393 3057 manumitteres,
414 2973 580 3058 placuerat
597 2978 716 3055 tamen,
734 2976 772 3037 ut
790 2973 909 3058 darem,
927 2974 1014 3039 ultro
1034 2974 1096 3037 tibi

41 3078 47 3100 ··
106 3056 263 3150 conpetere
293 3062 468 3145 actionem,
495 3084 575 3146 quae
604 3084 643 3126 ex
670 3063 731 3126 hoc
760 3065 926 3126 contractu
951 3063 1096 3128 nascitur

41 3176 46 3187 ¹·
107 3130 140 3218 [ld
159 3154 204 3214 est
226 3150 500 3230 condictionem?]
525 3150 674 3215 defuncto
698 3172 823 3234 quoque
846 3172 892 3216 eo.

367 3308 418 3375 De
439 3311 598 3376 amborum
621 3310 809 3393 obliquatione.

41 3482 46 3493 ,
174 3416 223 3481 86.
250 3414 290 3482 D.
303 3415 357 3499 45,
372 3418 401 3499 2,
418 3417 458 3481 12
469 3439 515 3501 pr.
561 3415 737 3480 Venuleius
763 3417 846 3480 libro
871 3413 1013 3481 secundo
1033 3410 1097 3475 Sti·

108 3495 285 3570 illationum
307 3502 357 3592 (P.
371 3502 440 3592 57).
463 3543 505 3552 —
530 3503 565 3570 Si
593 3526 631 3569 ex
658 3505 796 3588 duobus,
824 3505 879 3586 qui
905 3501 1098 3586 promissuri
