2422 3976
91 201 158 265 468
197 200 231 255 V.
250 197 402 254 NERVAE
421 197 469 252 ΕΤ
486 197 640 253 TRAIANI
657 196 765 254 TEMP.
783 195 880 252 IURIS
898 195 1079 252 consum

391 361 440 426 De
462 362 610 443 emptione
631 361 809 426 venditione.

182 478 212 542 9.
236 477 274 540 D.
292 479 341 558 18,
358 478 387 560 1,
401 478 452 542 64.
488 477 578 540 Idem
596 473 652 563 (so.
668 472 854 562 Iavolenus)
867 476 952 540 libro
968 474 1106 539 seeundo

93 566 325 650 Epistularum.
357 603 395 612 —
425 566 560 630 andns
586 566 639 630 iiie
662 571 705 630 est
725 566 804 630 mibi
825 571 853 629 et
876 563 960 629 Titio
983 560 1108 645 emptus.

93 676 220 741 quaero,
241 660 346 719 ntrnm
368 656 405 719 in
423 659 545 735 partem
558 675 610 718 -an
633 655 669 718 in
691 659 786 718 totnm
807 654 942 719 venditio
964 653 1109 717 consistat

94 765 139 809 an
160 744 241 808 nibii
262 748 365 808 aeirem
386 745 436 808 sit.

184 833 356 914 Respondi:
382 851 551 914 personam
580 831 658 895 Titii
687 851 872 912 snperoaono
899 831 1108 912 aeeipiiendam

88 927 168 1006 pnto
191 923 314 1003 ideoque
337 924 429 986 totins
448 920 543 1001 fnndi
564 922 744 1002 emptionem
767 922 810 984 od
830 941 878 984 me
893 921 1060 1002 pertinere.

457 1097 508 1162 De
530 1098 748 1162 communione.

187 1212 239 1279 10.
260 1212 300 1277 D.
318 1213 410 1296 10,3,
427 1212 477 1278 18.
518 1212 688 1277 Iavolenus
712 1212 795 1276 libro
820 1213 960 1277 secundo
981 1212 1109 1296 Epistu-

97 1303 212 1367 larum.
234 1339 277 1349 -
307 1301 347 1368 Ut
365 1301 484 1382 fondns
506 1301 709 1366 bereditamns
729 1304 827 1382 fnndo
844 1322 909 1365 non
926 1301 1108 1366 hereditario

96 1393 219 1470 serviat,
243 1391 359 1455 arbiter
381 1392 539 1473 disponere
561 1411 624 1454 non
641 1396 749 1474 potest,
771 1393 846 1472 qnia
868 1390 955 1455 nitro
977 1391 1015 1454 id
1034 1389 1111 1472 qnod

96 1482 132 1546 in
158 1481 309 1544 indieinm
335 1480 495 1545 dednotnm
522 1485 566 1544 est
590 1481 728 1544 eeeedere
747 1484 885 1561 potestas
913 1480 1027 1544 indicis
1051 1498 1109 1543 non

93 1573 200 1652 potest·
381 1655 430 1720 De
451 1657 611 1721 verborum
634 1657 822 1740 oblipatione.

190 1771 239 1835 11.
268 1767 509 1856 D.45,1,105.
553 1770 642 1835 Idem
666 1769 724 1858 (se.
747 1769 934 1857 Iavolenus)
957 1771 1044 1837 libro
1067 1793 1110 1837 se·

99 1859 204 1924 eundo
237 1859 468 1944 Epistularum.
504 1870 541 1906 -’-
575 1859 751 1943 Stipniatns
785 1881 854 1925 snm
885 1861 1030 1926 Damam
1057 1865 1112 1926 ant

98 1947 227 2013 Erotem
244 1969 365 2013 seronm
383 1950 463 2014 dari.
500 1969 569 2015 enm
586 1949 728 2014 Damam
745 1951 843 2035 dares,
860 1971 912 2033 epo
931 1971 991 2032 qno
1010 1951 1112 2015 minns

98 2039 274 2123 aoeiperem,
290 2038 326 2101 in
343 2058 431 2102 mora
447 2038 514 2118 fni;
534 2043 673 2104 mortuns
690 2044 734 2103 est
744 2038 861 2103 Dama.
899 2060 943 2104 an
955 2044 1055 2121 pntas
1067 2059 1112 2103 me

99 2148 136 2192 en
158 2127 308 2208 stipnbatn
330 2128 479 2191 dationem
501 2127 632 2191 babere?

188 2216 372 2297 Respondit:
409 2217 573 2280 seenndnm
606 2217 763 2280 Massurii
793 2215 906 2280 Sabini
939 2219 1112 2298 opinionem

93 2310 172 2387 poto
197 2310 223 2367 te
241 2325 278 2368 eoo
295 2304 447 2385 stipniatn
466 2325 553 2386 apere
570 2326 633 2368 non
645 2326 750 2385 posse;
774 2325 849 2368 nam
867 2307 896 2369 is
913 2312 991 2370 reete
1010 2307 1111 2370 edisti-

99 2394 215 2476 mabat,
243 2393 272 2457 si
292 2414 350 2473 per
380 2393 540 2457 debitorem
563 2414 651 2457 mora
673 2414 736 2457 non
757 2399 843 2475 esset,
871 2414 930 2475 qno
953 2396 1061 2460 minns
1083 2395 1114 2458 id

99 2484 180 2564 qnod
201 2482 324 2545 debebat
345 2483 479 2566 soioeret,
501 2483 644 2546 continno
667 2503 736 2546 enm
758 2482 854 2547 debito
878 2483 1016 2547 biberari.

192 2571 240 2633 12.
271 2569 310 2632 D.
337 2570 440 2653 16‚2,
457 2570 506 2634 15.
551 2569 640 2634 Idem
666 2567 724 2657 (so.
743 2569 930 2655 Iavolenus)
956 2572 1043 2636 libro
1068 2593 1110 2635 se·

100 2658 203 2722 cundo
236 2658 469 2741 Epistularum.
499 2695 536 2703 -
571 2659 740 2724 Peonniam
771 2665 849 2724 eerto
882 2661 944 2726 loeo
978 2683 999 2725 a
1035 2662 1111 2725 Titio

99 2747 173 2809 dori
199 2747 366 2829 st'pniatns
392 2768 469 2812 snm.
506 2749 535 2812 is
556 2750 636 2828 petit
661 2770 682 2811 a
708 2768 755 2811 me
782 2769 876 2829 qnam
905 2751 934 2813 ei
957 2751 1046 2814 debeo
1062 2770 1110 2832 pe-

99 2835 234 2900 enniam.
266 2857 391 2919 qnaero,
423 2857 466 2899 an
492 2835 547 2899 boe
573 2857 688 2919 qnoqne
704 2839 901 2921 pensandum
922 2840 979 2920 sit,
1006 2838 1111 2920 qnanti

100 2943 168 2986 meo
191 2924 333 3003 interfuit
354 2930 432 2989 oerto
455 2925 517 2988 loeo
540 2926 619 2989 dari.

189 3011 373 3093 Respondit:
404 3015 433 3076 si
462 3013 565 3077 Titins
590 3015 677 3096 petit,
705 3035 773 3077 eam
800 3036 916 3095 quoqne
937 3017 1108 3097 pecuniam,

100 3121 194 3180 qnam
208 3105 286 3163 eerto
301 3101 362 3164 loeo
370 3103 524 3181 promisit,
539 3104 573 3165 in
586 3104 858 3184 compensationem
872 3105 982 3168 dednei
992 3107 1108 3186 oportet,

99 3190 153 3252 sed
175 3209 243 3252 enm
266 3209 324 3252 sna
343 3210 446 3268 eansa,
469 3192 504 3254 id
521 3196 564 3254 est
580 3197 614 3254 nt
631 3193 712 3255 ratio
729 3191 885 3269 habeatnr,
909 3195 1019 3274 quanti
1039 3192 1108 3256 Titii

100 3277 276 3358 interfnerit
287 3297 319 3340 eo
334 3278 395 3341 loeo
410 3299 468 3359 qno
482 3281 652 3343 conuenerit
658 3281 824 3361 pecaniam
839 3282 911 3344 dari
920 3281 1012 3364 (dota
1025 3280 1107 3363 trit).

189 3379 311 3436 Pernioe
325 3371 369 3436 Π2
383 3399 411 3454 p.
428 3383 490 3440 306
507 3401 534 3439 n.
551 3385 583 3439 1:
603 3377 672 3439 ‘Mir
691 3382 807 3440 soheini
824 3382 909 3442 nieht
924 3382 1105 3452 zweifelhafi,

100 3463 167 3610 ssass
185 3466 271 3612 1{ipsse
290 3467 478 3576 {striarung
497 3469 558 3528 sich
577 3471 632 3528 auf
649 3470 696 3528 die
714 3471 1104 3548 Argentarierverhiltnisse

123 3572 183 3611 eme
243 3600 292 3614 ...
