2422 3976
244 183 279 239 IL
297 181 537 241 INOERTORUM
557 184 789 240 SENTENTIAE
806 186 853 239 ET
872 185 976 240 LIBRI.
1050 187 1113 250 521

96 345 320 433 possessionis
354 346 533 433 significat,
563 347 647 413 siout
677 347 711 412 in
744 369 782 412 eo
811 349 866 432 qui
893 349 1114 432 possessiones

98 457 180 501 suas
202 435 355 519 legasset,
376 458 566 519 responsum
590 439 646 501 est.

476 602 524 661 De
545 601 616 660 villo
639 602 740 675 legato.

195 709 245 775 11.
269 710 308 776 D.
327 710 381 795 28,
403 710 432 794 5,
451 710 502 795 35,
523 712 552 775 3.
575 709 734 794 Ulpianus
754 710 836 775 libro
860 716 974 795 quarto
998 711 1114 795 Dispu-

99 799 275 863 tationum.
301 836 339 846 —
455 800 482 863 si
516 820 628 864 servus
660 799 757 862 fuerit
788 800 906 863 missus
934 801 968 863 in
1002 800 1115 865 villam

103 886 235 951 interim
262 887 330 953 illio
355 888 483 952 futurus
511 888 586 972 quia
614 888 778 952 dominum
807 888 991 970 offenderat,
1023 890 1115 973 quasi

103 974 143 1040 ad
176 979 305 1060 tempus
338 977 515 1060 relegatus,
547 998 735 1059 responsum
769 980 818 1040 est
849 999 922 1040 eum
951 977 991 1040 ad
1018 977 1114 1042 villae

103 1064 248 1149 legatum
271 1086 337 1129 non
359 1066 526 1148 pertinere.

468 1229 515 1288 De
537 1231 618 1288 domo
642 1230 742 1304 lupata.

195 1339 247 1404 12.
276 1337 314 1402 D.
339 1340 394 1421 33,
424 1339 453 1422 7,
483 1339 531 1420 15,
564 1341 590 1403 1.
618 1338 815 1422 Pomponius
844 1339 927 1404 libro
960 1342 1047 1403 sexto
1073 1340 1114 1403 ad

106 1424 270 1492 Sabinum.
299 1462 339 1473 -
365 1427 469 1492 Domo
493 1429 651 1492 instructa
677 1427 829 1513 <legata>
851 1450 1041 1510 responsum
1065 1432 1115 1492 est

105 1515 365 1601 suppellectilem
388 1517 537 1600 legatam,
564 1539 630 1580 non
653 1519 749 1581 etiam
781 1517 865 1601 vina,
897 1518 972 1601 quia
1002 1517 1115 1594 domus

105 1603 190 1670 vinis
214 1608 374 1669 instructa
397 1605 544 1689 intellegi
566 1627 631 1669 non
654 1610 770 1688 potest.

433 1771 480 1828 De
501 1772 655 1843 mancipas
677 1771 786 1844 leporis.

195 1877 261 1944 13?
283 1877 322 1943 D.
334 1879 385 1963 32,
397 1880 448 1962 81,
461 1881 487 1943 l.
513 1878 714 1944 Modestinus
730 1880 813 1943 libro
832 1902 918 1944 nono
934 1879 1115 1944 Differenti-

104 1988 207 2033 arum.
242 2002 280 2013 -
390 1969 470 2032 viris
502 1968 619 2068 legatis
652 1970 749 2032 etiam
781 1990 897 2050 pueros
930 1968 1038 2031 deberi
1068 1991 1114 2032 re-

103 2055 292 2141 spondetur.

483 2150 530 2209 De
551 2153 618 2209 uino
642 2151 740 2224 legata.

199 2259 249 2323 14.
285 2257 324 2324 D.
362 2259 419 2343 32,
457 2259 508 2324 85.
544 2258 741 2343 Pomponius
778 2259 861 2323 libro
899 2259 1037 2322 seeundo
1076 2260 1115 2323 ad

104 2346 264 2425 Quintum
283 2346 435 2413 Mucium.
454 2384 489 2393 —
512 2398 542 2412 ..
561 2370 752 2431 responsum
768 2354 817 2412 est
832 2348 929 2411 etiam
943 2348 1028 2431 quod
1043 2369 1115 2412 ooa-

104 2436 208 2501 euerit
231 2435 343 2500 vinum
365 2436 475 2521 legato
496 2436 614 2521 cedere,
639 2438 667 2501 si
686 2437 719 2500 id
739 2437 806 2500 vini
824 2457 956 2499 numero
976 2441 1115 2500 testator

103 2524 282 2590 habuisset.

474 2618 520 2676 De
542 2618 623 2677 lanae
646 2620 746 2693 tepula.

198 2725 248 2790 15.
272 2725 311 2792 D.
328 2727 380 2809 34,
398 2727 428 2810 2,
447 2728 498 2791 31.
518 2725 625 2791 Labeo
645 2728 729 2792 libro
749 2728 886 2792 seeundo
900 2729 1114 2812 posteriorum

104 2838 124 2880 a
151 2813 306 2879 Iauoleno
337 2817 596 2898 epitomatorum.
626 2854 664 2862 —
695 2816 758 2893 Qui
788 2817 912 2880 lancem
940 2818 1115 2881 maximam

105 2903 265 2968 minorem
289 2902 455 2968 minimam
478 2904 693 2989 relinquebat,
718 2907 766 2970 ita
790 2906 966 2991 legaverat:
991 2906 1114 2971 lancem

104 2994 265 3056 minorem
284 2991 333 3056 illi
352 2994 435 3077 lego.
464 2992 586 3057 mediae
605 2994 837 3078 magnitudinis
856 2994 954 3057 videri
971 2995 1115 3078 legatam

104 3080 234 3145 laneem
253 3101 442 3164 responsum
462 3086 520 3165 est,
544 3083 571 3144 si
590 3104 655 3146 non
674 3087 852 3167 appareret,
876 3104 972 3166 quam
991 3083 1114 3146 lancem

105 3191 144 3234 ex
167 3168 220 3233 his
242 3173 336 3252 pater
359 3169 500 3234 familias
524 3171 744 3235 demonstrare
766 3172 930 3237 voluisset.

514 3335 561 3394 De
584 3337 707 3396 caduca.

199 3444 249 3508 16.
281 3441 320 3508 D.
344 3444 396 3527 31,
419 3444 470 3509 59.
503 3443 672 3509 Terentius
711 3442 856 3509 Clemens
886 3444 970 3508 libro
1002 3446 1114 3528 quinto

104 3530 232 3597 decimo
256 3530 298 3596 ad
319 3533 425 3618 legem
448 3532 564 3597 Iuliam
589 3537 620 3598 et
643 3533 786 3616 Papiam.
808 3569 845 3579 -
872 3531 907 3607 si,
929 3532 1009 3596 mihi
1028 3555 1119 3615 pure,
