2422 3976
389 179 415 229 4.
439 173 470 228 L.
488 170 672 227 NERATIUS
690 171 839 229 Perseus
1054 172 1117 237 321

111 333 317 421 disuedamus,
336 357 432 420 quarn
450 339 488 400 ut
504 356 606 401 novae
627 334 783 421 quaedam
803 335 1019 420 obligationes
1034 337 1119 402 inter

110 442 166 489 nos
188 424 437 491 constituantur.

467 547 518 614 De
539 550 756 614 commuuione.

193 655 244 721 25.
273 653 311 721 D.
329 655 380 739 10,
395 656 425 736 2,
439 656 492 720 54.
536 654 691 720 Neratius
719 654 804 720 libro
832 656 931 721 tertio
957 656 1117 723 Membra·

63 766 67 777 ·
118 761 227 808 narum.
255 780 297 797 -
325 743 377 808 Ex
408 744 586 808 hereditate
614 742 706 809 Lucii
733 742 826 826 Titii,
859 766 941 829 quae
974 745 1054 810 mihi
1083 751 1117 810 et

63 812 67 889 l

63 2152 68 2193 l

120 829 169 896 tibi
181 833 361 899 communis
376 837 456 918 erat,
468 832 562 897 fundi
576 839 702 916 partem
716 854 822 896 meam
837 833 984 915 alienavi,
999 834 1117 898 deinde

121 916 244 987 familiae
268 921 473 987 erciscundae
496 921 649 986 iudicium
673 921 839 985 internos
864 926 1030 1006 acceptum
1056 928 1116 988 est.

122 1025 207 1094 neque
235 1032 275 1075 ea
302 1031 378 1094 pars
406 1032 487 1094 qnae
515 1031 587 1074 mea
609 1010 673 1075 fuit
695 1009 730 1074 in
752 1009 870 1075 iudicio
895 1011 1016 1095 veniet,
1045 1033 1117 1076 eum

123 1094 243 1164 alienata
265 1099 305 1165 de
327 1099 505 1163 hereditate
529 1099 651 1180 exierit,
673 1120 775 1183 neque
798 1103 863 1176 tua,
887 1099 963 1183 qnia
985 1100 1115 1165 etiamsi

123 1191 248 1252 remanet
278 1187 313 1252 in
345 1188 482 1270 pristino
515 1189 584 1252 iure
615 1187 872 1271 hereditarieque
906 1193 968 1270 est,
1004 1196 1114 1254 tamen

124 1269 298 1342 alienatione
325 1297 415 1341 meae
441 1275 543 1360 partis
572 1277 639 1341 exit
664 1277 703 1340 de
727 1276 960 1342 communione.
1006 1281 1115 1342 utrum

123 1365 210 1429 auum
242 1387 325 1430 unus
358 1366 452 1430 heres
484 1369 610 1448 partem
644 1387 735 1429 suam
763 1386 829 1429 non
857 1365 1047 1430 alienaverit
1074 1387 1116 1431 an

123 1446 224 1536 plures,
250 1453 334 1518 nihil
362 1454 511 1537 interest,
539 1455 567 1518 si
591 1453 686 1518 modo
710 1453 818 1538 eliqua
839 1453 947 1538 portio
971 1454 1112 1519 alienata

123 1535 277 1627 abaliquo
302 1564 341 1606 ex
363 1541 535 1607 heredibus
558 1542 754 1607 hereditaria
777 1564 847 1607 esse
870 1542 978 1607 desiit.
1092 1626 1095 1631 ⁴

509 1719 559 1784 De
580 1741 604 1784 n

190 1827 241 1892 26.
260 1825 430 1909 D.50,1,9.
467 1726 717 1892 Neratiudiiiido
731 1827 830 1892 tertio
845 1826 1115 1893 Membranarum.

121 1941 153 1955 -
166 1912 254 1996 llius,
277 1917 333 2000 qui
355 1916 478 1981 iustum
501 1920 626 1999 patrem
647 1915 840 1999 nonhabet,
863 1917 967 2000 prima
985 1919 1076 2002 origo
1096 1940 1116 1981 a

120 2006 205 2068 matre
225 2024 327 2088 eoque
346 2004 407 2087 die,
431 2025 494 2089 quo
514 2027 553 2068 ex
573 2026 610 2069 ea
628 2005 732 2069 editus
752 2007 810 2088 est,
829 2005 993 2070 numerari
1011 2006 1115 2070 debet.

189 2098 234 2157 De
266 2100 403 2156 materna
435 2098 550 2176 origine
582 2098 619 2157 of.
638 2099 674 2158 D.
695 2100 745 2175 50,
767 2101 794 2171 1,
816 2101 844 2170 1,
864 2101 897 2174 2,
930 2100 965 2158 de
998 2118 1032 2159 eo
1062 2101 1116 2177 qui

117 2186 207 2246 matris
229 2184 434 2247 condicionem
457 2187 606 2264 sequitur,
630 2186 695 2246 Gai.
712 2191 739 2264 l,
755 2189 795 2248 67
808 2206 871 2264 sqq.

273 2357 324 2424 De
344 2360 507 2424 motione
528 2360 610 2424 iuter
631 2359 734 2424 virum
755 2364 784 2423 et
803 2379 939 2423 uxorem.

63 2486 69 2497 ·
189 2466 241 2531 27.
271 2464 309 2529 D.
324 2466 376 2543 23,
390 2465 421 2549 3,
436 2465 488 2530 53.
533 2465 686 2531 Neratius
715 2465 799 2530 libro
827 2464 924 2530 tertio
952 2462 1114 2528 Membra-

109 2570 225 2620 uarum.
245 2590 286 2602 —
307 2551 389 2620 Dum
413 2553 462 2619 vir
484 2555 576 2620 uxori
601 2554 719 2619 donare
742 2554 849 2637 vellet,
873 2552 999 2618 debitor
1021 2552 1114 2616 muli·

107 2643 163 2708 eris
190 2643 247 2728 qui
269 2644 423 2708 solvendo
446 2665 513 2708 non
537 2646 606 2708 erat
630 2643 737 2708 dotem
761 2642 789 2706 ei
812 2641 969 2725 promisit.
1015 2641 1056 2705 ad
1080 2642 1113 2706 id

106 2729 278 2814 dumtaxat,
304 2731 343 2796 ad
367 2732 451 2816 quod
476 2731 629 2798 solvendo
652 2732 725 2813 fnit,
748 2729 810 2796 viri
833 2730 975 2814 periculo
999 2752 1037 2794 ea
1060 2752 1113 2795 res

102 2824 161 2904 est,
194 2824 228 2886 et
255 2821 284 2885 si
311 2820 388 2905 quid
414 2821 553 2885 debitori
582 2821 622 2885 ad
650 2820 838 2884 solvendum
865 2818 1032 2885 facultatis
1062 2841 1113 2884 ao·

101 2910 246 2988 maurit,
273 2909 451 2993 periculum
480 2910 522 2974 ad
549 2931 618 2975 eam
647 2931 806 2973 summam
836 2929 917 2992 quae
944 2910 1114 2973 accesserit

99 3001 222 3065 oreseet
238 2997 506 3082 permanebitque
526 2998 633 3077 etiam,
653 2997 680 3062 si
696 3018 806 3061 rursus
821 2997 993 3081 pauperior
1006 2998 1112 3062 faetus

99 3089 175 3171 erit,
201 3085 278 3171 quia
299 3108 403 3170 neque
426 3089 506 3171 tum,
528 3109 600 3152 oum
624 3087 682 3151 dos
704 3086 958 3169 promitteretur,
981 3085 1112 3150 donatio

97 3174 187 3243 ueta
215 3179 266 3240 est
292 3175 355 3241 nisi
383 3175 451 3240 eius
479 3176 632 3260 pecuniae
661 3197 742 3260 quae
771 3197 790 3239 a
817 3174 962 3239 debitore
992 3173 1113 3238 servari

96 3286 165 3331 non
192 3267 337 3349 poterat,
364 3286 466 3348 neque
491 3286 563 3328 curn
588 3263 741 3328 solvendo
764 3263 792 3328 is
817 3285 886 3327 esse
910 3264 1029 3347 eoepit,
1057 3262 1113 3327 do·

95 3353 242 3420 nationis
270 3373 368 3418 eausa
394 3356 595 3437 permaneat,
623 3373 694 3417 oum
722 3374 759 3416 eo
787 3353 858 3416 loeo
888 3373 939 3416 res
964 3351 1022 3434 sit,
1046 3372 1109 3434 quo

95 3448 194 3527 esset,
218 3440 247 3507 si
269 3444 339 3507 turn
363 3463 498 3527 quoque,
520 3463 592 3506 eum
615 3442 859 3526 promitteretur
879 3439 945 3524 dos,
969 3439 1112 3522 locuples

95 3531 223 3599 fnisset.

147 3643 605 3695 1arirpr.autsnadr.reu.ed.uremer.
628 3645 660 3696 H,
670 3647 689 3686 2.
866 3637 898 3684 21
