2422 3976
387 182 413 231 4.
437 177 467 231 L.
485 175 668 232 NERATIUS
687 175 835 234 Pfflsous
1048 178 1112 243 331

111 360 205 424 neque
231 340 400 425 possideat
427 361 530 425 neque
554 339 628 406 dolo
652 340 889 418 malefecerit,
917 364 981 427 quo
1005 342 1112 407 minus

111 427 281 510 possideret
314 427 399 514 quod
426 429 543 494 iudicio
573 429 713 494 revictus
741 430 933 513 restituerit,
966 453 1008 495 an
1037 431 1113 515 quia

111 518 207 599 possit
225 524 258 583 et
276 517 451 583 seeundum
470 518 570 582 alium
589 518 733 603 iudicari,
751 539 817 582 non
832 519 927 583 aliter
941 520 1111 584 restituere

112 604 219 671 debeat
240 629 338 692 quam
357 607 386 671 si
405 611 535 672 eentum
555 607 583 671 ei
602 607 710 684 fuerit,
733 605 818 690 quod
838 607 991 672 adversus
1012 608 1113 673 elium

113 695 233 760 eandem
259 694 474 761 hereditatem
502 695 654 760 defendit.
686 694 757 780 [sed
784 696 898 759 melius
926 701 976 761 est
1004 697 1111 762 officio

114 779 218 848 iudicis
240 785 390 850 cautione
413 784 464 849 vel
488 784 698 849 satisdatione
722 784 808 849 vieto
832 784 960 866 mederi,
983 807 1055 850 eum
1080 793 1113 850 et

115 889 156 936 res
181 874 269 938 salva
295 873 340 937 sit
367 874 397 937 ei
424 874 480 958 qui
507 873 541 938 in
571 873 774 938 exsecutione
797 873 920 938 tardior
945 876 1033 938 venit
1056 875 1112 939 ad-

116 978 211 1026 versus
232 963 373 1046 priorem
397 964 576 1042 victorem]

189 1072 310 1133 Inclusa
331 1073 424 1133 verba
446 1092 506 1133 non
529 1073 647 1132 Neratii
670 1091 733 1134 esse
756 1074 879 1134 Perniee
906 1074 971 1132 iure
1001 1077 1111 1134 censet.

361 1262 410 1328 De
432 1265 601 1346 exceptione
622 1265 670 1328 rei
691 1265 852 1329 iudicatae.

190 1385 240 1452 59.
264 1388 304 1452 D.
318 1390 371 1472 44,
385 1390 416 1472 2,
431 1389 483 1452 27.
519 1387 671 1452 Neratius
691 1389 773 1453 libro
794 1389 932 1471 septimo
952 1388 1112 1453 Membra-

63 1548 65 1555 ,
116 1490 222 1541 narum.
250 1512 288 1523 -
314 1475 397 1543 Cum
421 1477 460 1541 de
483 1477 554 1560 hoe,
579 1499 621 1541 an
644 1476 755 1541 eadem
779 1497 830 1541 res
854 1482 913 1562 est,
935 1477 1111 1561 quaeritur,

63 1642 66 1655 υ
114 1557 180 1628 haee
196 1566 373 1650 spectanda
391 1569 480 1630 sunt:
499 1587 663 1650 personae,
682 1565 713 1629 id
732 1567 840 1649 ipsum
859 1566 897 1630 de
916 1587 979 1650 quo
995 1568 1111 1651 agitur,

63 1664 65 1707 ε
116 1667 197 1718 eausa
218 1654 368 1738 proxima
387 1655 533 1720 aetionis.
574 1676 633 1719 neo
651 1655 717 1718 iam
735 1655 880 1737 interest,
904 1677 968 1738 qua
986 1655 1111 1721 ratione

63 1806 65 1811 .
116 1741 173 1820 quis
196 1765 268 1808 eam
291 1766 421 1808 oausam
445 1743 583 1808 aetionis
603 1749 784 1827 competere
803 1744 865 1809 sibi
884 1745 1112 1828 existimasset,

115 1830 231 1906 perinde
255 1854 293 1898 ao
317 1833 345 1898 si
369 1833 452 1916 quis,
475 1837 686 1917 posteaquam
709 1836 822 1898 contra
841 1854 913 1897 eum
932 1833 1108 1899 iudicatum

115 1925 197 1999 esset,
219 1941 305 1985 nova
327 1922 545 1985 instrumenta
568 1941 688 1999 causae·
707 1943 783 1986 suae
806 1923 1011 2005 repperisset.

471 2115 520 2182 De
541 2117 735 2197 sssocapioae.

188 2240 241 2305 60.
269 2238 309 2304 D.
328 2242 380 2322 41,
400 2240 430 2320 3,
447 2240 500 2304 41.
545 2237 634 2304 Idem
658 2239 717 2327 (se.
741 2237 907 2326 Neratius)
931 2240 1016 2303 libro
1041 2261 1110 2324 sep·

108 2325 179 2394 timo
201 2327 473 2394 Membranarum.
500 2365 536 2374 -
563 2327 597 2393 Si
625 2351 692 2393 rem
721 2330 907 2413 subreptam
933 2329 1013 2391 mihi
1036 2350 1109 2412 pro·

108 2422 228 2483 errator
250 2438 341 2482 meus
366 2417 591 2502 adprehendit,
614 2419 761 2502 quamvis
786 2439 843 2501 per
865 2420 1109 2502 procuratorem

105 2506 334 2586 possessionem
366 2507 466 2590 apisoi
499 2528 560 2571 nos
592 2507 656 2570 iam
689 2507 756 2570 fere
789 2507 973 2588 conveniat,
1005 2505 1108 2572 nihilo

106 2596 201 2680 magis
230 2617 302 2659 eam
328 2594 364 2658 in
392 2598 589 2678 potestatem
616 2617 721 2659 meam
745 2595 867 2659 redisse
889 2616 1013 2677 usuque
1037 2596 1108 2679 oapi

104 2699 190 2762 posse
223 2682 474 2748 existimandum
506 2689 568 2764 est,
602 2685 677 2768 quia
710 2687 822 2749 eontra
854 2683 953 2747 statui
987 2684 1107 2767 captio·

103 2789 169 2836 sum
194 2772 265 2836 erit

500 2877 550 2944 De
570 2879 708 2961 deposito.

185 3001 239 3066 61.
262 2999 300 3066 D.
317 3003 369 3083 11,
386 3003 418 3085 l,
431 3001 482 3066 39.
519 2999 674 3066 Neratius
694 3001 777 3065 libro
797 3003 933 3085 septimo
949 3002 1107 3068 Membra·

99 3109 221 3155 narum.
244 3126 286 3137 -
311 3090 357 3155 Et
384 3090 532 3154 Aristoni
561 3095 594 3154 et
621 3089 715 3155 Celso
744 3089 831 3173 patri
858 3092 983 3174 placuit
1011 3114 1107 3175 posse

98 3199 163 3245 rem
189 3177 253 3244 hae
276 3178 463 3244 condicione
487 3178 605 3263 deponi
628 3177 881 3263 mandatumque
905 3176 1107 3266 (condicione

98 3267 233 3333 fiduciae
256 3265 392 3354 causei)
421 3269 555 3352 suscipi,
582 3273 620 3330 ut
646 3289 699 3331 res
727 3269 870 3351 periculo
895 3271 962 3333 eius
987 3269 1029 3331 sit
1052 3269 1107 3352 qui

97 3355 282 3441 depositum
300 3358 351 3421 vel
371 3356 560 3421 mandatum
579 3355 734 3441 (depositi
751 3358 800 3421 vel
815 3357 959 3421 mandati
974 3355 1107 3442 cansa?)

97 3444 254 3529 suscepit,
278 3445 362 3530 quod
386 3449 420 3509 et
443 3444 523 3508 mihi
546 3466 655 3508 verum
680 3466 749 3509 esse
773 3444 908 3511 videtur.

185 3537 309 3600 Perniee
332 3539 380 3598 III
402 3561 430 3616 p.
448 3540 508 3598 139
534 3559 561 3596 n.
578 3541 606 3599 2.
