2422 3976
98 192 164 256 374
199 190 232 244 V.
251 189 401 246 NERVAE
420 188 468 244 ΕΤ
486 187 640 244 TRAIANI
657 187 764 243 TEMP.
782 186 879 244 mels
897 185 1081 242 consumi

384 411 440 471 111.
472 411 704 488 Digestorum
726 409 822 469 libri.

184 534 221 594 In
241 534 403 594 Iustiniani
426 534 558 611 Digestis
579 534 614 595 D.
630 536 681 612 24,
695 536 725 610 3,
740 535 832 611 44pr.
855 534 930 594 haee
952 535 1110 614 leguntur:

97 619 221 683 ‘Paulus
248 623 326 683 libro
353 623 457 701 quinto
485 622 709 694 Quaestionum.
755 668 818 683 ...
845 620 949 683 Nerva
976 626 1010 683 et
1037 623 1109 683 Dato

96 712 326 790 responderunt,
359 715 394 772 ut
424 714 471 772 est
497 713 627 772 relatum
654 711 735 788 apud
761 711 885 771 Sextum
912 711 1109 789 Pomponium

95 801 290 879 Digestorum
322 800 360 860 ab
387 800 529 860 Aristone
550 796 639 861 ‘libro
668 801 783 877 quinto.
831 800 945 860 ibidem
973 800 1107 861 Aristoni

96 883 265 951 eonsentit'.
318 889 427 967 quibus
460 889 497 948 de
528 889 627 951 verbis
659 888 906 967 interpretandis,
938 892 1044 950 utrum
1074 888 1106 948 de

96 979 246 1039 Aristonis
278 997 317 1037 an
349 977 385 1037 de
417 978 574 1055 Pomponii
608 978 743 1057 Digestis
779 996 877 1039 sermo
914 978 971 1038 fiat
1004 978 1104 1038 eximie

96 1068 261 1128 dubitatur.
302 1069 394 1144 atque
411 1065 576 1127 Mommsen
595 1067 626 1127 Z.
640 1066 660 1126 f.
675 1067 736 1128 Rs.
751 1066 811 1126 VH
824 1087 852 1143 p.
868 1065 935 1127 477
953 1064 1104 1144 Pomponii

96 1175 180 1234 opus,
195 1175 253 1232 quo
263 1154 413 1216 Aristonis
428 1155 591 1216 sententias
606 1155 774 1232 contulerit,
789 1155 944 1232 designari
958 1156 1101 1216 existimat

96 1244 349 1306 eonsentientibus
373 1243 526 1323 Kruegero
551 1244 581 1305 Ζ.
605 1244 633 1304 d.
652 1243 779 1304 Sar-St.
799 1242 980 1323 v11p.94;
1005 1243 1100 1306 Geseb.

95 1355 123 1411 p.
136 1337 199 1394 164
223 1337 254 1394 et
272 1333 412 1393 Karlows
430 1333 657 1408 1p.670.700.
694 1332 747 1392 alii
769 1333 826 1393 riri
845 1333 927 1394 dooti
946 1354 1007 1394 non
1025 1332 1098 1394 Pon·

94 1423 227 1499 ponium,
246 1421 298 1481 sed
316 1421 488 1482 Aristonem
506 1421 630 1499 Digesta
648 1420 777 1482 edidisse
791 1420 879 1481 Pauli
898 1422 999 1483 verbis
1018 1421 1096 1500 signi·
1142 1444 1145 1451 ·

94 1512 179 1571 fieari
201 1511 346 1589 iudicant,
368 1510 504 1586 inprimis
527 1510 564 1569 H.
589 1509 713 1570 Pernioe
735 1509 818 1571 Mise.
840 1531 870 1587 p.
886 1512 942 1572 35:
971 1505 1096 1588 ‘Digesta

96 1600 133 1659 ab
148 1599 291 1659 Aristone
372 1600 454 1658 kann
534 1599 702 1675 spraohlieh
719 1619 778 1660 nur
791 1600 943 1660 bedenten
956 1600 1094 1680 Digesten,

94 1687 207 1748 welche
230 1688 333 1747 Aristo
358 1687 551 1764 gesohrieben
572 1688 625 1747 hat
648 1682 712 1748 ...²
758 1688 805 1748 oui
828 1689 993 1748 assentitur
1015 1683 1094 1748 Lenel

95 1773 129 1837 P.
143 1776 198 1835 eol.
210 1777 249 1835 61
269 1796 298 1835 n.
310 1777 338 1835 1.
374 1776 448 1834 mihi
465 1795 536 1837 vero
557 1777 657 1854 verba,
680 1796 757 1854 qnae
775 1778 849 1836 mire
868 1776 999 1838 distorta
1016 1776 1093 1836 Paulo

95 1864 313 1938 attribuuntur,
346 1865 447 1940 potius
480 1883 498 1924 a
526 1864 707 1925 Triboniano
734 1864 875 1927 ridentur
901 1866 946 1925 ita
974 1866 1093 1926 oonfeota

95 1971 173 2031 esse,
197 1957 232 2012 ut
254 1972 330 2029 quae
352 1953 464 2013 Paulus
488 1954 525 2014 de
548 1953 665 2014 Nervae
688 1954 838 2014 Aristonis
863 1953 1022 2032 Pomponii
1043 1971 1092 2014 sen-

94 2042 199 2102 tentiis
230 2043 404 2119 rettulerat,
436 2061 473 2102 ea
505 2043 633 2118 pessime
664 2043 696 2102 in
724 2043 814 2102 breve
846 2044 988 2121 coegerit.
1037 2036 1094 2120 quid

94 2129 181 2190 Pauli
205 2129 296 2190 verba
318 2150 350 2190 re
368 2150 440 2191 vera
459 2131 516 2190 sibi
534 2131 630 2192 velint
647 2132 794 2208 explorari
818 2135 1011 2210 nonpotest3
1033 2126 1094 2190 illud

94 2240 188 2278 unum
216 2220 373 2279 dicendum
401 2223 459 2296 est,
489 2220 554 2278 fieri
580 2239 680 2298 posse,
709 2225 743 2280 ut
771 2221 882 2280 Paulus
911 2221 1095 2297 Digestorum

95 2309 188 2367 libros
221 2309 258 2366 ab
286 2308 427 2367 Aristone
456 2310 606 2367 confectos
633 2310 743 2368 iterum
771 2328 789 2368 a
817 2308 983 2385 Pomponio
1011 2309 1094 2369 editos

96 2415 160 2456 esse
189 2397 354 2457 tradiderit.
407 2398 486 2473 quod
509 2397 610 2475 Lenel,
633 2399 685 2473 qui
707 2398 788 2473 apud
809 2397 984 2458 Aristonem
1009 2402 1096 2459 notat:

96 2480 289 2561 ‘Pomponius
321 2531 353 2545 ..
385 2486 509 2563 Digesta
542 2486 607 2563 ills,
640 2488 805 2562 epitomate
836 2487 978 2562 forsitan,
1012 2488 1096 2546 denuo

95 2575 215 2633 ridetur
233 2569 380 2650 edidisse',
400 2574 480 2649 apud
497 2574 695 2650 Pomponium
714 2578 813 2634 antem
834 2570 880 2652 (Π
893 2577 948 2635 ool.
962 2572 1017 2656 79)
1036 2578 1098 2634 baec

94 2665 214 2720 tantum
234 2664 361 2737 profert:
382 2657 490 2722 ‘Notae
507 2663 546 2722 ad
560 2663 710 2722 Aristonis
725 2658 871 2740 Digesta',
890 2665 1005 2724 librum
1022 2665 1099 2723 illum

96 2751 234 2825 quintum
248 2752 370 2810 ePaulo
385 2751 512 2810 allatum
521 2752 671 2812 Aristonis
682 2752 813 2830 Digestis
828 2753 979 2832 attribuit,
988 2751 1100 2830 probari

98 2838 208 2912 nequit.
265 2839 445 2916 Pomponius
482 2842 561 2899 enim
598 2835 730 2899 ‘ibidem'
767 2841 903 2901 Aristoni
940 2842 1099 2902 consentire

95 2926 218 3001 dieitur,
251 2930 330 3002 quod
362 2929 400 2988 ad
431 2930 523 2988 verba
555 2923 642 2988 ‘libro
675 2923 792 3006 quinto'
824 2949 884 2989 non
916 2934 1018 3006 potest
1048 2947 1100 2989 non

95 3015 253 3090 pertinere.

185 3104 220 3161 In
238 3104 430 3181 Digestorum
455 3106 537 3166 libris
556 3106 728 3165 Aristonem
752 3110 783 3165 et
805 3106 942 3183 priorum
965 3123 1101 3185 responsa

96 3193 320 3268 sententiasque
338 3195 500 3273 rettulisse,
519 3215 563 3254 ex.
573 3215 617 3273 gr.
632 3194 727 3254 Cassii
743 3190 978 3274 (D.17,2,29‚2
995 3191 1100 3255 ‘Aristo

95 3282 189 3341 refert
221 3280 358 3341 Cassium
394 3277 623 3364 respondisse')‚
659 3285 739 3343 notis
773 3285 952 3361 plerumque
985 3283 1100 3344 adiectis

96 3363 146 3445 (D.
172 3373 335 3448 7‚1,7,3
370 3365 502 3431 ‘Cassius
535 3417 567 3431 ..
600 3372 705 3432 scribit
736 3416 770 3432 ..
804 3376 834 3431 et
865 3373 971 3434 Aristo
1002 3363 1100 3433 notat'.

95 3457 132 3516 D.
148 3461 198 3536 39,
216 3462 243 3535 2,
259 3462 300 3519 28
325 3453 456 3519 ‘Cassius
480 3461 584 3520 scribit
679 3460 781 3521 Aristo
805 3465 908 3521 sutem
996 3454 1099 3521 adioit'.

96 3545 132 3604 D.
153 3551 181 3624 7,
202 3550 230 3623 1,
251 3551 337 3621 17,1
369 3542 483 3608 ‘Aristo
511 3549 591 3626 apud
619 3548 756 3608 Gessium
781 3544 890 3610 notat'.
935 3551 970 3611 D.
993 3549 1098 3625 r,8,s
