2422 3976
345 182 370 229 4.
390 173 418 230 (i.
434 174 580 230 cnssws
598 173 783 230 LONGINUS
1028 177 1071 242 33

56 342 294 412 commendatur.
335 345 416 402 certe
433 342 569 403 Iavoleni
591 341 668 401 liber
688 343 824 420 ultimus,
849 361 907 421 quo
927 343 963 402 de
982 345 1072 405 furtis
1099 417 1103 423 .

57 435 86 491 et
112 431 150 490 de
177 432 326 490 bonorum
353 431 523 492 venditione
552 431 685 507 ffissemt,
719 450 787 491 cum
815 431 849 501 Q.
877 432 969 492 Mucii
995 432 1072 494 iuris

55 521 152 580 civilis
185 520 272 579 libris
305 520 444 580 extremis
472 520 544 578 XVI
571 523 602 578 et
629 519 745 598 XVIII,
777 521 885 596 quibus
914 540 1007 598 aeque
1035 523 1072 582 de

56 610 145 669 furtis
175 614 207 668 et
237 609 273 668 de
300 608 503 685 publicatione
529 608 676 667 bonorum
704 609 818 667 dictum
844 627 908 668 esse
931 610 980 669 vel
1003 629 1071 670 con-

55 701 117 757 stat
144 698 195 758 vel
222 697 377 773 probabile
409 701 455 756 est
482 690 513 778 (I
539 717 567 772 p.
591 700 630 756 97
661 700 692 756 et
717 717 746 773 p.
767 690 859 777 100),
885 698 975 774 plane
1003 718 1071 759 con·

57 785 169 846 cordat.
212 786 292 862 quod
314 786 391 845 libro
413 786 598 863 paenultimo
621 785 780 845 Iavolenus
803 786 840 844 de
863 786 930 861 lege
949 787 1072 862 Aquilia

58 879 86 934 et
114 875 153 934 de
182 874 325 951 pauperie
353 875 430 933 dixit
454 869 503 955 (D.
521 878 549 949 9,
564 876 593 951 2,
609 869 678 954 37),
708 879 810 949 aperte
833 873 870 933 ad
894 874 1071 935 delictorum

55 967 148 1040 caput
183 964 316 1039 pertinet
351 963 422 1022 libri
458 963 559 1022 ultimi
595 963 694 1038 priore
731 965 818 1038 parte
854 963 1070 1023 continuatum.

57 1071 154 1129 neque
181 1072 250 1111 cum
271 1052 394 1111 Lenelio
417 1051 508 1111 huius
531 1051 602 1110 libri
624 1052 795 1127 fragmenta
818 1050 846 1109 ei
869 1051 961 1126 capiti
984 1053 1071 1112 attri-

57 1141 147 1200 buere
174 1142 260 1217 licet,
291 1160 349 1218 quo
379 1141 414 1200 de
442 1141 559 1218 legibus
583 1139 693 1199 aetatis
716 1140 832 1199 ratione
854 1139 960 1198 habite
982 1140 1071 1199 collo·

55 1230 131 1290 catis
161 1230 327 1290 disseritur.
374 1229 453 1305 quod
479 1228 638 1289 Iavolenus
666 1229 802 1287 morbum
830 1229 978 1287 sonticum
1002 1247 1071 1287 eum

56 1337 119 1378 esse
148 1319 206 1395 ait,
240 1312 304 1397 ‘qui
333 1318 439 1394 cuique
467 1318 511 1376 rei
542 1311 641 1376 noeet'
675 1308 725 1397 (D.
745 1319 796 1394 50,
816 1319 866 1389 16,
893 1308 984 1396 113),
1012 1336 1072 1376 non

55 1410 117 1466 tam
141 1407 180 1466 ad
204 1408 302 1486 legem
324 1407 383 1465 XII
404 1407 579 1466 tabularum
601 1405 751 1482 pertinere
773 1405 956 1480 putaverim,
981 1424 1071 1480 quam

54 1496 92 1554 ad
132 1497 166 1554 in
205 1497 253 1554 ius
293 1497 491 1555 vocationem.
555 1494 672 1571 reliqua
712 1494 846 1554 eiusdem
881 1494 952 1552 libri
988 1494 1070 1572 frag·

56 1587 168 1661 menta,
192 1603 269 1660 quae
292 1584 385 1643 Lenel
409 1579 457 1643 ‘de
481 1584 548 1661 lege
571 1575 717 1641 Falcidia'
741 1587 771 1642 et
795 1577 843 1641 ‘de
866 1583 933 1659 lege
957 1577 1071 1642 Oineia'

55 1673 218 1750 inscripsit,
241 1673 343 1749 potius
367 1673 404 1732 ad
426 1672 458 1730 id
482 1674 650 1748 caputque
669 1671 937 1748 depluspetendo
957 1673 1069 1748 agitur,

55 1763 212 1821 referenda
238 1765 325 1838 puto,
358 1761 394 1820 de
427 1780 486 1836 quo
514 1761 563 1820 vel
586 1759 679 1820 Gaius
708 1762 738 1836 4,
763 1762 803 1819 53
817 1778 880 1837 sqq.
908 1760 1070 1838 diligenter

55 1850 137 1910 dixit.
193 1853 265 1928 poet
295 1849 457 1910 interdicta
487 1850 647 1908 Iavolenus
680 1849 716 1907 de
749 1848 915 1908 actionibus
948 1849 1070 1908 videtur

53 1938 175 1998 dixisse.

141 2027 199 2087 His
233 2027 328 2105 igitur
358 2028 421 2086 fere
458 2027 585 2086 rubricis
622 2026 757 2086 Iavoleni
789 2026 937 2085 librorum
969 2027 1069 2102 capita

53 2115 200 2194 insignire
226 2118 316 2176 malo:

141 2205 272 2264 Liberi
362 2205 406 2263 ΒΘ
429 2204 626 2264 testamentis.

142 2294 234 2354 Liber
258 2294 289 2352 H
365 2293 410 2353 De
433 2293 551 2370 legatis.

141 2382 235 2441 Liber
259 2381 306 2440 III
367 2383 411 2440 De
434 2382 579 2441 bonorum
602 2379 788 2457 possessione
812 2383 917 2439 contra
940 2380 1068 2439 tabulas.

143 2471 236 2530 Liber
257 2471 302 2528 IV
367 2471 410 2530 De
434 2470 564 2530 dotibus.

145 2560 237 2619 Liber
260 2560 288 2615 V
366 2559 412 2618 ΒΘ
436 2559 549 2617 tutelis.

142 2648 234 2710 Liber
256 2647 301 2706 VI
365 2647 410 2706 De
432 2647 480 2706 his
504 2647 556 2724 qui
578 2646 668 2706 alieni
690 2646 764 2704 iuris
788 2647 867 2704 sunt.

141 2737 234 2796 Liber
258 2736 317 2795 VH
366 2736 411 2794 ΒΘ
438 2735 568 2810 mancipi
590 2754 689 2794 rerum
714 2735 864 2810 emptione
888 2733 1067 2794 venditione.

365 2825 411 2883 ΒΘ
434 2825 620 2901 possessione
644 2826 674 2882 et
697 2823 889 2899 usucapione.

141 2914 235 2974 Liber
258 2913 332 2973 VIII
364 2914 409 2972 ΒΘ
428 2913 557 2988 mancipi
575 2931 675 2971 rerum
694 2911 843 2970 locatione
861 2911 1068 2972 conductione.

142 3002 235 3061 Liber
257 3003 301 3061 IX
367 3002 412 3061 ΒΘ
437 3020 586 3078 sponsore.

140 3091 235 3150 Liber
257 3091 284 3148 X
364 3091 409 3149 ΒΘ
433 3091 636 3151 servitutibus.
680 3088 725 3146 De
748 3089 820 3147 locis
843 3088 982 3165 publicis.

142 3179 235 3238 Liber
257 3179 300 3238 XI
368 3180 412 3238 De
435 3197 488 3238 nec
510 3179 639 3254 mancipi
660 3178 749 3236 rebus
774 3177 975 3254 adquirendis.

143 3267 237 3327 Liber
259 3268 318 3326 XII
365 3268 409 3327 De
431 3268 548 3344 peculio
573 3271 603 3326 et
626 3268 661 3326 de
685 3266 716 3324 in
739 3284 802 3324 rem
824 3284 920 3326 verso.

142 3357 235 3415 Liber
257 3357 332 3416 XIH
363 3357 407 3416 ΒΘ
431 3357 606 3417 Interdictis.

142 3444 235 3505 Liber
256 3445 328 3504 XIV
361 3445 406 3504 De
429 3446 604 3505 actionibus.
651 3445 696 3503 ΒΘ
719 3444 786 3519 lege
809 3443 940 3518 Aquilia.

143 3533 235 3593 Liber
258 3534 314 3592 XV
363 3533 407 3592 De
430 3534 527 3594 furtis.
573 3535 618 3593 De
640 3534 787 3592 bonorum
809 3531 991 3591 venditione.

107 3641 451 3691 1mirpr.antohaur.1011.ou
466 3643 565 3683 Bremer.
589 3643 619 3694 H,
635 3644 653 3683 2.
841 3634 857 3685 3
