2422 3976
93 111 160 175 280
196 110 229 166 V.
248 109 397 166 NERVAE
416 109 463 163 ΕΤ
481 108 634 164 TRAIANI
652 109 761 164 ΤΕΜΡ.
779 108 876 164 IURIS
895 108 1074 166 consum

185 272 248 339 18?
271 272 310 337 D.
320 275 373 357 41,
386 274 414 357 1,
424 273 475 338 39.
518 272 661 337 Iulianus
685 272 768 338 libro
791 266 954 338 101110οκ
974 272 1131 340 Minicio

94 359 143 448 (P.
155 359 244 448 859).
262 398 306 407 -
324 362 433 427 Etiam
456 361 595 426 furtivus
619 382 730 426 servus
751 362 855 426 bonae
873 360 951 428 fidei
970 359 1132 446 emptori

95 451 248 534 adquirit,
283 451 368 535 quod
401 471 440 514 ex
472 473 507 514 re
539 449 606 514 eius
639 450 814 534 stipulatur
846 454 903 515 aut
934 444 1132 534 antescripto1

95 539 221 623 accipit.

400 626 450 692 De
471 627 632 693 arboribus
652 627 801 694 succisis?

187 733 236 798 19.
264 732 303 797 D.
313 733 367 815 47,
379 734 407 817 7,
419 734 470 799 10.
514 731 659 799 Iulianus
683 734 767 798 libro
791 733 889 799 tertio
914 755 954 799 ex
976 731 1123 800 Minicio

96 819 146 909 (P.
166 820 255 907 861).
280 858 321 868 -
346 821 381 887 Si
409 821 538 906 gemina
565 822 662 886 arbor
689 826 775 887 esset
802 826 835 887 et
862 844 963 908 supra
989 826 1123 887 terram

95 911 246 976 iunctura
282 911 351 974 eius
384 911 551 995 emineret,
589 930 685 975 unam
717 911 861 977 arborem
893 911 999 977 videri
1031 933 1117 976 esse.

96 1000 152 1064 sed
176 1001 203 1064 si
226 999 259 1063 id
282 1020 346 1083 qua
368 999 555 1085 iungeretur
579 1021 644 1064 non
666 1003 799 1084 extaret,
821 999 959 1065 totidem
978 1000 1118 1066 arbores

95 1084 184 1173 esse',
207 1091 287 1174 quot
310 1087 431 1172 speeies
455 1109 566 1152 earum
589 1109 686 1172 supra
709 1092 829 1153 terram
853 1092 971 1154 essent

185 1191 465 1274 00101110,
483 1203 511 1276 1,
526 1203 556 1260 r.

426 1411 474 1470 Ex
495 1412 606 1471 Iuliani
628 1413 706 1473 libro
728 1412 781 1472 IV.

513 1529 698 1615 1101090110.

189 1637 254 1703 20?
277 1637 315 1702 D.
327 1637 378 1720 19,
388 1639 418 1716 2,
428 1637 480 1702 32.
516 1637 661 1703 Iulianus
681 1638 766 1704 libro
785 1642 901 1724 quarto
922 1660 963 1704 ex
980 1634 1098 1704 Minicio

99 1723 151 1814 (P.
170 1723 259 1814 865).
290 1763 327 1776 -
359 1725 420 1803 Qui
449 1725 585 1791 fundum
613 1727 783 1792 colendum
810 1727 844 1792 in
871 1728 984 1813 plures
1011 1745 1097 1792 annos

100 1816 277 1899 locaverat,
310 1815 447 1879 decessit
476 1819 508 1879 et
535 1837 607 1879 eum
634 1814 769 1881 fundum
797 1816 930 1902 legavit.
982 1813 1096 1883 caseus

100 1905 233 1991 negavit
259 1925 354 1988 posse
382 1903 455 1988 cogi
479 1903 642 1982 colonum,
669 1907 706 1968 ut
730 1926 803 1969 eum
826 1903 963 1970 fundum
986 1904 1096 1982 coleret,

102 1995 178 2079 quia
205 1992 286 2057 nihil
313 1991 439 2057 heredis
468 1992 648 2058 interesset.
694 1993 778 2077 quod
808 1994 836 2058 si
859 1995 995 2060 colonus
1017 1990 1096 2059 vellet

101 2081 207 2147 colere
226 2084 259 2146 et
278 2081 318 2146 ab
338 2102 386 2163 ee,
408 2080 460 2144 oui
477 2081 606 2166 legatus
626 2085 711 2146 esset
728 2081 856 2167 fundus,
879 2083 1096 2167 prohiberetur,

102 2192 174 2235 cum
202 2169 318 2234 herede
348 2169 506 2234 actionem
535 2170 684 2235 colonum
713 2170 844 2254 habere,
873 2176 907 2235 et
932 2171 995 2237 hoc
1017 2165 1095 2235 detri-

103 2262 247 2324 mentum
267 2258 306 2322 ad
324 2258 475 2321 heredem
494 2259 663 2341 pertinere,
682 2259 776 2324 sicuti
796 2260 823 2323 si
842 2262 915 2344 quis
933 2273 1095 2343 remquam

103 2348 299 2412 vendidisset
316 2367 374 2411 nec
393 2346 468 2409 dum
487 2346 680 2432 tradidisset,
700 2347 757 2412 alii
774 2349 925 2431 legasset,
939 2349 1031 2413 heres
1043 2344 1094 2409 eiu

103 2437 241 2520 emptori
265 2439 297 2500 et
319 2435 476 2519 legatario
501 2440 586 2499 esset
609 2436 783 2522 obligatus.

477 2610 528 2677 Dc
549 2613 743 2678 condictione.

194 2719 258 2782 21?
282 2717 485 2799 D.4o,1,19.
525 2717 615 2782 idem
639 2716 697 2806 (se.
711 2718 871 2806 Iulianus)
893 2721 977 2786 libro
1001 2717 1093 2804 quarto

106 2828 145 2870 ex
176 2804 307 2872 Minicio
340 2806 391 2890 (P.
415 2805 503 2892 866).
538 2843 575 2852 -
611 2806 728 2872 Servus
760 2808 862 2873 inscio
896 2809 1024 2874 domino
1050 2820 1093 2888 pr⁰

109 2895 247 2980 quodam
275 2895 477 2959 fideiusserat
505 2899 537 2959 et
564 2917 602 2960 eo
625 2897 754 2961 nomine
776 2899 946 2980 pecuniam
971 2894 1094 2963 solverat

107 2985 330 3067 quaerebatur,
354 2984 501 3048 dominus
524 2988 675 3067 possetne
700 2986 739 3049 ab
763 3008 800 3051 eo
825 2987 876 3050 cui
898 2987 1006 3052 soluta
1022 2981 1095 3058 esset,

106 3077 257 3156 repetere.
307 3073 485 3155 respondit:
518 3071 654 3156 interest,
681 3095 738 3155 quo
765 3074 891 3140 bomine
917 3069 1095 3157 fideiussori?

106 3181 181 3226 com
209 3162 238 3227 si
266 3181 302 3225 ec
329 3180 423 3225 causo
444 3161 600 3242 peculiari
627 3163 789 3244 fideiussit,
817 3168 889 3228 tuac
916 3165 953 3228 id
977 3162 1053 3246 prcod
1071 3171 1097 3220 εἰ

179 3342 192 3388 1
215 3335 290 3389 Trio.
309 3349 359 3402 per
377 3335 564 3389 traditionem.

180 3413 196 3459 2
222 3404 384 3459 Triboniani
412 3405 523 3460 adiutor
551 3405 676 3476 scripsit:
707 3407 773 3461 ‘una
800 3409 883 3464 arbor
911 3409 1021 3465 videtur
1047 3417 1100 3460 esse.

107 3475 157 3529 sed
176 3519 182 3532 .
199 3518 226 3530 ..
247 3474 359 3530 arbores
379 3476 464 3531 sunt'.
