2422 3976
92 209 157 275 406
194 208 227 266 V.
241 207 390 264 NERVAE
409 207 456 263 ET
475 207 628 263 TRAIANI
647 207 756 265 Tune.
773 205 871 262 Imus
890 204 1073 263 consum

14 364 20 377 ’
88 378 213 458 portem
239 373 305 438 eius
328 372 509 454 trausterre,
536 390 574 435 ee
596 370 722 436 musitio
744 369 899 435 Labeonis
922 367 1011 453 oded
1033 367 1106 435 Oas-

94 463 175 528 eeth'i
212 461 348 527 Trebatii
383 482 452 526 eum
488 480 576 543 quem
610 460 646 523 iu
672 463 820 542 potestate
850 457 982 524 habebat
1007 459 1106 524 sotum

94 551 231 616 heredem
251 552 325 632 feeit
345 555 374 615 et
394 551 433 614 ab
453 570 486 614 eo
503 549 595 613 atteri
612 549 767 613 dimidium
780 551 905 630 partem
922 547 1122 633 heredibrtm·

94 660 165 705 oum
190 641 227 703 im
252 659 343 704 suam
370 638 496 703 tautam
523 638 662 715 veuisset,
686 637 811 720 lepaoit;
839 636 922 718 quod
942 637 974 702 si
994 637 1033 722 is,
1054 635 1106 719 qui

94 729 129 793 iu
143 733 290 810 potestate
302 747 361 792 sua
375 731 462 805 esset,
481 726 618 809 impubes
631 724 810 810 deeessisset,
824 725 959 791 atterum
972 724 1107 791 heredem

94 818 123 882 ei
145 817 307 882 substituit.

184 906 213 970 7.
236 904 275 970 D.
289 904 364 969 ibid.
379 906 399 984 ξ
417 906 445 968 1.
462 940 500 950 -
517 903 602 968 Fitio
620 903 769 986 impuberi
786 904 822 969 iu
839 903 983 986 simpahas
995 921 1103 969 eausas

93 995 193 1060 atium
215 998 244 1058 et
264 994 364 1058 atium
385 993 522 1058 heredem
543 992 723 1058 substituere
741 991 935 1076 possumus[‚
963 993 1057 1058 vetuti
1072 995 1105 1056 ut

93 1084 185 1166 otius,
207 1085 236 1147 si
257 1083 318 1148 sibi
338 1081 444 1146 mutius
465 1081 551 1164 phtius
573 1081 676 1162 fuerit,
699 1085 728 1145 et
746 1081 838 1162 atius,
860 1081 997 1165 sihthrs
1011 1081 1104 1163 fuerit

94 1177 124 1237 et
143 1171 278 1255 impubes
301 1176 438 1236 mortuus
458 1169 567 1250 hedit,
589 1169 673 1234 heres
694 1170 761 1250 sitJ.

182 1265 281 1325 Disele
305 1265 336 1324 Ζ.
350 1263 377 1324 d.
393 1263 520 1324 Suu-St.
534 1263 617 1341 ΧΙΠ,
632 1265 704 1323 141.

183 1350 212 1414 8.
241 1348 279 1414 D.
297 1348 373 1413 ibid.
392 1349 412 1429 ξ
428 1348 459 1412 2.
476 1383 521 1394 -
541 1346 674 1427 Quidum
696 1351 839 1429 quattuor
855 1345 979 1413 heredes
993 1349 1102 1431 fecerat

94 1444 123 1503 et
139 1438 279 1503 omuibus
296 1436 455 1502 teretibus
469 1442 591 1518 praeter
604 1456 702 1501 uuum
715 1435 921 1501 substituerat.
951 1455 1034 1501 uuus
1046 1435 1100 1517 dle,

93 1528 144 1592 eui
160 1546 223 1591 mou
241 1531 309 1591 erat
325 1526 489 1608 quisquam
505 1525 695 1608 substitutus,
717 1529 746 1589 et
762 1544 800 1589 ere
817 1525 923 1590 ueteris
940 1525 1022 1590 ahter
1038 1524 1099 1590 uiuo

87 1620 180 1698 patre
201 1614 343 1695 familias
365 1615 558 1679 deeesseraut.
590 1617 713 1695 partem
735 1614 787 1678 eui
805 1633 894 1678 memo
912 1619 981 1678 erat
997 1612 1098 1680 subed-

96 1708 193 1786 tutus,
215 1703 259 1768 ad
279 1702 475 1768 substitutum
496 1722 612 1784 quoque
627 1702 782 1785 pertimere
805 1700 918 1786 Ofilius
939 1699 1097 1769 Oasedhius

95 1792 327 1875 responderunt,
349 1811 480 1873 quorum
501 1793 652 1856 seuteutia
673 1811 746 1856 uera
768 1795 820 1856 est.

183 1880 213 1945 9.
236 1878 274 1944 D.
289 1880 342 1962 29,
356 1881 387 1965 2,
400 1879 452 1945 60.
493 1879 665 1944 Iavolenus
684 1878 768 1944 libro
788 1879 893 1963 primo
912 1901 952 1944 ex
970 1875 1096 1963 posteri·

95 1968 205 2034 oribus
233 1967 402 2034 Labeonis.
425 2005 470 2016 -
492 1968 615 2033 Fidium
641 1968 868 2051 emancipatum
891 1972 982 2050 pater
1007 1966 1095 2034 sotum

93 2057 229 2123 heredem
250 2058 439 2139 insitiuum,
460 2057 490 2122 si
507 2057 536 2122 is
553 2057 638 2122 heres
657 2077 720 2122 mom
738 2062 819 2135 esset,
837 2077 960 2122 surum
978 2057 1094 2122 aueum

94 2152 124 2211 et
144 2146 279 2212 heredem
302 2165 363 2211 esse
385 2147 524 2211 iusserat.
570 2146 668 2230 phtius,
697 2151 855 2228 tamquam
871 2151 965 2228 pater
987 2148 1093 2212 muers

92 2237 215 2318 fuisset,
246 2236 393 2300 bouorum
420 2235 642 2316 possessiouem
669 2235 708 2298 ab
735 2236 876 2299 iutestato
899 2237 981 2318 petit
1006 2232 1092 2299 etita

94 2325 288 2389 hereditatem
300 2325 442 2403 possedit.
479 2323 580 2388 Labeo
598 2324 652 2406 ait,
670 2325 700 2388 si
710 2323 897 2407 probaretur
915 2343 996 2389 seua
1009 2323 1092 2387 mente

90 2418 181 2494 puter
216 2417 425 2478 testamentum
454 2413 575 2496 fecisse,
611 2413 714 2495 fitium
745 2432 782 2476 ea
814 2417 991 2477 testameuto
1015 2413 1091 2494 potu

94 2503 230 2577 huutem
253 2522 319 2567 esse.
361 2501 414 2566 hoe
435 2501 552 2582 falsum
570 2507 662 2582 puto;
686 2522 761 2565 uam
784 2501 870 2584 phh'us
895 2501 1090 2584 emoumpatm

94 2612 163 2655 eum
185 2591 380 2656 hereditatem
404 2595 578 2654 testamento
599 2592 706 2655 datam
724 2592 767 2655 ud
783 2610 814 2654 se
828 2591 983 2671 pertimere
1000 2584 1089 2665 reduit

95 2680 236 2744 ooutiuuo
267 2701 303 2744 ea
335 2681 378 2744 ad
404 2679 600 2744 substitutum
628 2679 763 2743 heredem
792 2679 907 2743 trausit
932 2699 986 2744 ueo
1005 2673 1090 2760 potest

94 2769 192 2831 uideri
208 2789 268 2849 pro
290 2768 394 2832 herede
415 2769 551 2847 pessisse,
578 2769 647 2849 qui,
675 2773 710 2831 ut
731 2767 928 2832 hereditatem
950 2762 1087 2842 omitteret,

95 2876 132 2920 eu
155 2857 221 2920 ahia
237 2862 328 2937 parte
351 2858 440 2920 edieti
456 2858 676 2937 possessiouem
698 2856 845 2921 bouorum
863 2860 958 2938 petat.

185 2948 356 3024 Sequuntur
391 2950 477 3011 haee:
520 2945 652 3008 ‘Paulus
697 2950 738 3008 Ee
773 2949 922 3009 Proculus
958 2940 1086 3009 Labeonis

96 3038 275 3097 sententium
298 3038 449 3114 improbat
472 3041 502 3097 ei
524 3040 556 3096 in
577 3038 712 3099 Iavoleni
736 3039 884 3098 sententia
907 3032 976 3100 est'.

458 3199 504 3257 De
525 3216 606 3257 seruo
628 3200 736 3258 herede.

186 3300 234 3364 10.
262 3297 302 3364 D.
314 3299 366 3382 29,
381 3300 411 3384 2,
426 3300 477 3364 62.
501 3299 671 3365 Iavolenus
692 3300 776 3364 libro
795 3298 901 3384 primo
917 3322 956 3365 ex
969 3289 1085 3385 posteri·

96 3387 205 3451 0ribus
237 3387 406 3452 Labeonis.
435 3425 478 3434 —
507 3387 541 3452 Si
569 3411 679 3453 servus
712 3389 804 3452 heres
832 3389 1001 3454 institutus
1026 3379 1085 3469 poth

95 3475 217 3540 iussum
233 3476 362 3559 domini,
382 3480 553 3560 antequam
572 3475 682 3559 adiret,
698 3476 857 3541 alienatus
874 3482 968 3563 esset,
985 3486 1084 3541 novum

95 3564 220 3628 iussum
236 3565 426 3648 posterioris
446 3565 576 3648 domini,
595 3588 661 3630 non
679 3566 803 3630 iussum
821 3567 942 3651 prioris
957 3562 1083 3650 exigitur·
