<?xml version="1.0" encoding="UTF-8"?>
<!DOCTYPE html PUBLIC "-//W3C//DTD XHTML 1.0 Transitional//EN"
    "http://www.w3.org/TR/xhtml1/DTD/xhtml1-transitional.dtd">
<html xmlns="http://www.w3.org/1999/xhtml" xml:lang="en" lang="en">
 <head>
  <title>
</title>
<meta http-equiv="Content-Type" content="text/html;charset=utf-8" />
  <meta name='ocr-system' content='tesseract 3.04.00' />
  <meta name='ocr-capabilities' content='ocr_page ocr_carea ocr_par ocr_line ocrx_word'/>
</head>
<body>
  <div class='ocr_page' id='page_1' title='image "./iurisprudentiae01bremgoog_0536.png"; bbox 0 0 2422 3976; ppageno 0'>
   <div class='ocr_carea' id='block_1_1' title="bbox 252 197 1094 268">
    <p class='ocr_par' dir='ltr' id='par_1_1' title="bbox 252 197 1094 268">
     <span class='ocr_line' id='line_1_1' title="bbox 252 197 1094 268; baseline 0.025 -20"><span class='ocrx_word' id='word_1_1' title='bbox 252 251 258 262; x_wconf 60' lang='grc'><strong>,</strong></span> <span class='ocrx_word' id='word_1_2' title='bbox 387 203 411 252; x_wconf 74' lang='lat' dir='ltr'><strong>a.</strong></span> <span class='ocrx_word' id='word_1_3' title='bbox 435 197 631 254; x_wconf 80' lang='lat' dir='ltr'><strong>rovunurus</strong></span> <span class='ocrx_word' id='word_1_4' title='bbox 651 199 785 256; x_wconf 81' lang='lat' dir='ltr'><strong>causus</strong></span> <span class='ocrx_word' id='word_1_5' title='bbox 1031 205 1094 268; x_wconf 82' lang='lat'><strong>501</strong></span> 
     </span>
    </p>
   </div>
   <div class='ocr_carea' id='block_1_2' title="bbox 97 358 1095 541">
    <p class='ocr_par' dir='ltr' id='par_1_2' title="bbox 97 358 1095 541">
     <span class='ocr_line' id='line_1_2' title="bbox 97 358 1095 452; baseline 0.007 -29"><span class='ocrx_word' id='word_1_6' title='bbox 97 358 198 444; x_wconf 79' lang='lat' dir='ltr'><strong>igitur,</strong></span> <span class='ocrx_word' id='word_1_7' title='bbox 226 364 348 445; x_wconf 89' lang='lat' dir='ltr'><strong>quanto</strong></span> <span class='ocrx_word' id='word_1_8' title='bbox 375 383 433 426; x_wconf 90' lang='lat' dir='ltr'><strong>sua</strong></span> <span class='ocrx_word' id='word_1_9' title='bbox 456 362 601 427; x_wconf 89' lang='lat' dir='ltr'><strong>aedificia</strong></span> <span class='ocrx_word' id='word_1_10' title='bbox 624 364 816 447; x_wconf 76' lang='lat' dir='ltr'><strong>pretiosiora</strong></span> <span class='ocrx_word' id='word_1_11' title='bbox 839 364 982 448; x_wconf 80' lang='lat' dir='ltr'><strong>fecisset,</strong></span> <span class='ocrx_word' id='word_1_12' title='bbox 1011 368 1095 452; x_wconf 92' lang='lat' dir='ltr'><strong>quod</strong></span> 
     </span>
     <span class='ocr_line' id='line_1_3' title="bbox 98 449 1095 541; baseline 0.009 -29"><span class='ocrx_word' id='word_1_13' title='bbox 98 449 223 533; x_wconf 88' lang='lat' dir='ltr'><strong>amplius</strong></span> <span class='ocrx_word' id='word_1_14' title='bbox 237 450 451 534; x_wconf 81' lang='lat' dir='ltr'><strong>impendisset</strong></span> <span class='ocrx_word' id='word_1_15' title='bbox 464 472 558 535; x_wconf 90' lang='lat' dir='ltr'><strong>posse</strong></span> <span class='ocrx_word' id='word_1_16' title='bbox 570 473 643 516; x_wconf 90' lang='lat' dir='ltr'><strong>eum</strong></span> <span class='ocrx_word' id='word_1_17' title='bbox 654 453 798 516; x_wconf 88' lang='lat' dir='ltr'><strong>mandati</strong></span> <span class='ocrx_word' id='word_1_18' title='bbox 810 453 926 519; x_wconf 90' lang='lat' dir='ltr'><strong>indicio</strong></span> <span class='ocrx_word' id='word_1_19' title='bbox 938 457 1095 541; x_wconf 88' lang='lat' dir='ltr'><strong>persequi.</strong></span> 
     </span>
    </p>
   </div>
   <div class='ocr_carea' id='block_1_3' title="bbox 236 590 947 677">
    <p class='ocr_par' dir='ltr' id='par_1_3' title="bbox 236 590 947 677">
     <span class='ocr_line' id='line_1_4' title="bbox 236 590 947 677; baseline 0.004 -20"><span class='ocrx_word' id='word_1_20' title='bbox 236 590 354 673; x_wconf 77' lang='lat' dir='ltr'><strong>Quibus</strong></span> <span class='ocrx_word' id='word_1_21' title='bbox 376 613 413 658; x_wconf 82' lang='grc'><strong>00</strong></span> <span class='ocrx_word' id='word_1_22' title='bbox 435 595 536 670; x_wconf 68' lang='lat' dir='ltr'><strong>cauus</strong></span> <span class='ocrx_word' id='word_1_23' title='bbox 558 595 593 658; x_wconf 81' lang='lat' dir='ltr'><strong>iu</strong></span> <span class='ocrx_word' id='word_1_24' title='bbox 609 596 829 677; x_wconf 82' lang='lat' dir='ltr'><strong>possessiouem</strong></span> <span class='ocrx_word' id='word_1_25' title='bbox 851 601 947 661; x_wconf 82' lang='lat' dir='ltr'><strong>eatur.</strong></span> 
     </span>
    </p>
   </div>
   <div class='ocr_carea' id='block_1_4' title="bbox 96 697 1095 1142">
    <p class='ocr_par' dir='ltr' id='par_1_4' title="bbox 96 697 1095 1142">
     <span class='ocr_line' id='line_1_5' title="bbox 173 697 1092 787; baseline 0.01 -25"><span class='ocrx_word' id='word_1_26' title='bbox 173 698 224 763; x_wconf 92' lang='lat'><strong>11.</strong></span> <span class='ocrx_word' id='word_1_27' title='bbox 247 697 286 765; x_wconf 91' lang='lat' dir='ltr'><strong>D.</strong></span> <span class='ocrx_word' id='word_1_28' title='bbox 300 699 353 777; x_wconf 77' lang='lat'><strong>42,</strong></span> <span class='ocrx_word' id='word_1_29' title='bbox 362 700 393 782; x_wconf 91' lang='lat'><strong>4,</strong></span> <span class='ocrx_word' id='word_1_30' title='bbox 405 701 433 784; x_wconf 76' lang='lat'><strong>7,</strong></span> <span class='ocrx_word' id='word_1_31' title='bbox 445 701 495 765; x_wconf 78' lang='grc'><strong>11.</strong></span> <span class='ocrx_word' id='word_1_32' title='bbox 528 699 685 784; x_wconf 84' lang='lat' dir='ltr'><strong>Ulpianus</strong></span> <span class='ocrx_word' id='word_1_33' title='bbox 705 701 787 766; x_wconf 92' lang='lat' dir='ltr'><strong>libro</strong></span> <span class='ocrx_word' id='word_1_34' title='bbox 803 703 1092 787; x_wconf 80' lang='lat' dir='ltr'><strong>quinquagensimo</strong></span> 
     </span>
     <span class='ocr_line' id='line_1_6' title="bbox 96 786 1095 877; baseline 0.008 -27"><span class='ocrx_word' id='word_1_35' title='bbox 96 805 169 851; x_wconf 84' lang='lat' dir='ltr'><strong>nono</strong></span> <span class='ocrx_word' id='word_1_36' title='bbox 197 786 237 851; x_wconf 85' lang='lat' dir='ltr'><strong>ad</strong></span> <span class='ocrx_word' id='word_1_37' title='bbox 269 786 417 852; x_wconf 90' lang='lat' dir='ltr'><strong>edietum.</strong></span> <span class='ocrx_word' id='word_1_38' title='bbox 446 825 487 834; x_wconf 97' lang='lat'><em>-</em></span> <span class='ocrx_word' id='word_1_39' title='bbox 518 787 631 853; x_wconf 79' lang='lat' dir='ltr'><strong>Celsus</strong></span> <span class='ocrx_word' id='word_1_40' title='bbox 659 839 697 854; x_wconf 89' lang='lat'><strong>..</strong></span> <span class='ocrx_word' id='word_1_41' title='bbox 726 789 821 856; x_wconf 85' lang='lat' dir='ltr'><strong>Sexto</strong></span> <span class='ocrx_word' id='word_1_42' title='bbox 854 793 1033 877; x_wconf 86' lang='lat' dir='ltr'><strong>respoudit,</strong></span> <span class='ocrx_word' id='word_1_43' title='bbox 1066 797 1095 858; x_wconf 93' lang='lat' dir='ltr'><strong>si</strong></span> 
     </span>
     <span class='ocr_line' id='line_1_7' title="bbox 98 870 1092 966; baseline 0.008 -27"><span class='ocrx_word' id='word_1_44' title='bbox 98 870 233 959; x_wconf 70' lang='lat' dir='ltr'><strong>mudum,</strong></span> <span class='ocrx_word' id='word_1_45' title='bbox 267 897 361 960; x_wconf 89' lang='lat' dir='ltr'><strong>quem</strong></span> <span class='ocrx_word' id='word_1_46' title='bbox 394 882 503 960; x_wconf 86' lang='lat' dir='ltr'><strong>petere</strong></span> <span class='ocrx_word' id='word_1_47' title='bbox 536 879 623 962; x_wconf 81' lang='lat' dir='ltr'><strong>volo,</strong></span> <span class='ocrx_word' id='word_1_48' title='bbox 655 878 760 944; x_wconf 86' lang='lat' dir='ltr'><strong>Titius</strong></span> <span class='ocrx_word' id='word_1_49' title='bbox 794 881 959 963; x_wconf 85' lang='lat' dir='ltr'><strong>possideat</strong></span> <span class='ocrx_word' id='word_1_50' title='bbox 988 904 1092 966; x_wconf 89' lang='lat' dir='ltr'><strong>neque</strong></span> 
     </span>
     <span class='ocr_line' id='line_1_8' title="bbox 98 963 1094 1048; baseline 0.009 -22"><span class='ocrx_word' id='word_1_51' title='bbox 98 963 202 1029; x_wconf 87' lang='lat' dir='ltr'><strong>absens</strong></span> <span class='ocrx_word' id='word_1_52' title='bbox 226 964 429 1048; x_wconf 87' lang='lat' dir='ltr'><strong>defendatur,</strong></span> <span class='ocrx_word' id='word_1_53' title='bbox 455 967 654 1031; x_wconf 84' lang='lat' dir='ltr'><strong>commodius</strong></span> <span class='ocrx_word' id='word_1_54' title='bbox 678 989 712 1033; x_wconf 92' lang='lat' dir='ltr'><strong>se</strong></span> <span class='ocrx_word' id='word_1_55' title='bbox 737 967 920 1033; x_wconf 84' lang='lat' dir='ltr'><strong>existimare</strong></span> <span class='ocrx_word' id='word_1_56' title='bbox 944 970 977 1034; x_wconf 90' lang='lat' dir='ltr'><strong>in</strong></span> <span class='ocrx_word' id='word_1_57' title='bbox 1001 970 1094 1036; x_wconf 89' lang='lat' dir='ltr'><strong>fundi</strong></span> 
     </span>
     <span class='ocr_line' id='line_1_9' title="bbox 98 1053 1094 1142; baseline 0.01 -26"><span class='ocrx_word' id='word_1_58' title='bbox 98 1053 321 1135; x_wconf 84' lang='lat' dir='ltr'><strong>possessionem</strong></span> <span class='ocrx_word' id='word_1_59' title='bbox 356 1054 549 1119; x_wconf 90' lang='lat' dir='ltr'><strong>mittendum</strong></span> <span class='ocrx_word' id='word_1_60' title='bbox 581 1077 677 1139; x_wconf 85' lang='lat' dir='ltr'><strong>quam</strong></span> <span class='ocrx_word' id='word_1_61' title='bbox 710 1058 795 1122; x_wconf 90' lang='lat' dir='ltr'><strong>bona</strong></span> <span class='ocrx_word' id='word_1_62' title='bbox 827 1059 894 1123; x_wconf 89' lang='lat' dir='ltr'><strong>cius</strong></span> <span class='ocrx_word' id='word_1_63' title='bbox 927 1060 1094 1142; x_wconf 87' lang='lat' dir='ltr'><strong>possideri.</strong></span> 
     </span>
    </p>
   </div>
   <div class='ocr_carea' id='block_1_5' title="bbox 98 1135 1093 1296">
    <p class='ocr_par' dir='ltr' id='par_1_5' title="bbox 98 1135 1093 1296">
     <span class='ocr_line' id='line_1_10' title="bbox 98 1135 1093 1228; baseline 0.009 -25"><span class='ocrx_word' id='word_1_64' title='bbox 98 1135 146 1207; x_wconf 86' lang='lat' dir='ltr'><strong>boc</strong></span> <span class='ocrx_word' id='word_1_65' title='bbox 159 1141 377 1207; x_wconf 86' lang='lat' dir='ltr'><strong>adnotandum</strong></span> <span class='ocrx_word' id='word_1_66' title='bbox 395 1147 452 1228; x_wconf 90' lang='lat' dir='ltr'><strong>est,</strong></span> <span class='ocrx_word' id='word_1_67' title='bbox 466 1141 596 1209; x_wconf 83' lang='lat' dir='ltr'><strong>Celsum</strong></span> <span class='ocrx_word' id='word_1_68' title='bbox 611 1146 792 1211; x_wconf 90' lang='lat' dir='ltr'><strong>consultum</strong></span> <span class='ocrx_word' id='word_1_69' title='bbox 803 1148 918 1211; x_wconf 88' lang='lat' dir='ltr'><strong>nonde</strong></span> <span class='ocrx_word' id='word_1_70' title='bbox 934 1148 1093 1228; x_wconf 85' lang='lat' dir='ltr'><strong>latitante,</strong></span> 
     </span>
     <span class='ocr_line' id='line_1_11' title="bbox 99 1228 368 1296; baseline 0.007 -2"><span class='ocrx_word' id='word_1_71' title='bbox 99 1228 141 1294; x_wconf 83' lang='lat' dir='ltr'><strong>ud</strong></span> <span class='ocrx_word' id='word_1_72' title='bbox 161 1230 200 1295; x_wconf 93' lang='lat' dir='ltr'><strong>de</strong></span> <span class='ocrx_word' id='word_1_73' title='bbox 225 1232 368 1296; x_wconf 87' lang='lat' dir='ltr'><strong>absente.</strong></span> 
     </span>
    </p>
   </div>
   <div class='ocr_carea' id='block_1_6' title="bbox 367 1396 806 1473">
    <p class='ocr_par' dir='ltr' id='par_1_6' title="bbox 367 1396 806 1473">
     <span class='ocr_line' id='line_1_12' title="bbox 367 1396 806 1473; baseline 0.009 -18"><span class='ocrx_word' id='word_1_74' title='bbox 367 1396 407 1455; x_wconf 94' lang='grc' dir='ltr'><strong>Π.</strong></span> <span class='ocrx_word' id='word_1_75' title='bbox 435 1398 687 1473; x_wconf 78' lang='lat' dir='ltr'><strong>Epistularum</strong></span> <span class='ocrx_word' id='word_1_76' title='bbox 712 1399 806 1460; x_wconf 89' lang='lat' dir='ltr'><strong>libri.</strong></span> 
     </span>
    </p>
   </div>
   <div class='ocr_carea' id='block_1_7' title="bbox 287 1522 888 1716">
    <p class='ocr_par' dir='ltr' id='par_1_7' title="bbox 287 1522 888 1716">
     <span class='ocr_line' id='line_1_13' title="bbox 499 1522 679 1582; baseline 0.011 -2"><span class='ocrx_word' id='word_1_77' title='bbox 499 1522 607 1582; x_wconf 91' lang='lat' dir='ltr'><strong>Liber</strong></span> <span class='ocrx_word' id='word_1_78' title='bbox 629 1524 679 1582; x_wconf 91' lang='lat' dir='ltr'><strong>Xl.</strong></span> 
     </span>
     <span class='ocr_line' id='line_1_14' title="bbox 287 1629 888 1716; baseline 0.007 -21"><span class='ocrx_word' id='word_1_79' title='bbox 287 1629 337 1695; x_wconf 87' lang='lat' dir='ltr'><strong>De</strong></span> <span class='ocrx_word' id='word_1_80' title='bbox 359 1633 475 1697; x_wconf 79' lang='lat' dir='ltr'><strong>minore</strong></span> <span class='ocrx_word' id='word_1_81' title='bbox 496 1635 607 1714; x_wconf 68' lang='lat' dir='ltr'><strong>uiolati</strong></span> <span class='ocrx_word' id='word_1_82' title='bbox 629 1635 763 1716; x_wconf 78' lang='lat' dir='ltr'><strong>quiaque</strong></span> <span class='ocrx_word' id='word_1_83' title='bbox 786 1635 888 1700; x_wconf 81' lang='lat' dir='ltr'><strong>cuuis.</strong></span> 
     </span>
    </p>
   </div>
   <div class='ocr_carea' id='block_1_8' title="bbox 79 1745 1093 3249">
    <p class='ocr_par' dir='ltr' id='par_1_8' title="bbox 79 1745 1093 3249">
     <span class='ocr_line' id='line_1_15' title="bbox 169 1745 1091 1835; baseline 0.004 -23"><span class='ocrx_word' id='word_1_84' title='bbox 169 1746 209 1812; x_wconf 90' lang='lat' dir='ltr'><strong>D.</strong></span> <span class='ocrx_word' id='word_1_85' title='bbox 223 1748 255 1828; x_wconf 87' lang='lat'><strong>4,</strong></span> <span class='ocrx_word' id='word_1_86' title='bbox 268 1748 299 1829; x_wconf 87' lang='lat'><strong>4,</strong></span> <span class='ocrx_word' id='word_1_87' title='bbox 313 1748 343 1827; x_wconf 84' lang='lat'><strong>3,</strong></span> <span class='ocrx_word' id='word_1_88' title='bbox 359 1747 387 1812; x_wconf 89' lang='lat'><strong>1.</strong></span> <span class='ocrx_word' id='word_1_89' title='bbox 428 1747 516 1811; x_wconf 89' lang='lat' dir='ltr'><strong>Idem</strong></span> <span class='ocrx_word' id='word_1_90' title='bbox 542 1745 600 1833; x_wconf 92' lang='lat' dir='ltr'><strong>(sc.</strong></span> <span class='ocrx_word' id='word_1_91' title='bbox 623 1746 795 1835; x_wconf 78' lang='lat' dir='ltr'><strong>Ulpianus)</strong></span> <span class='ocrx_word' id='word_1_92' title='bbox 819 1750 902 1814; x_wconf 89' lang='lat' dir='ltr'><strong>libro</strong></span> <span class='ocrx_word' id='word_1_93' title='bbox 923 1751 1091 1816; x_wconf 85' lang='lat' dir='ltr'><strong>undecimo</strong></span> 
     </span>
     <span class='ocr_line' id='line_1_16' title="bbox 93 1834 1092 1922; baseline 0.004 -23"><span class='ocrx_word' id='word_1_94' title='bbox 93 1834 126 1899; x_wconf 81' lang='lat' dir='ltr'><strong>ad</strong></span> <span class='ocrx_word' id='word_1_95' title='bbox 145 1836 294 1900; x_wconf 86' lang='lat' dir='ltr'><strong>edictum.</strong></span> <span class='ocrx_word' id='word_1_96' title='bbox 317 1872 360 1882; x_wconf 90' lang='lat'><em>-</em></span> <span class='ocrx_word' id='word_1_97' title='bbox 384 1885 392 1900; x_wconf 89' lang='lat'><strong>.</strong></span> <span class='ocrx_word' id='word_1_98' title='bbox 412 1886 418 1900; x_wconf 93' lang='lat'>.</span> <span class='ocrx_word' id='word_1_99' title='bbox 441 1837 520 1900; x_wconf 90' lang='lat' dir='ltr'><strong>illud</strong></span> <span class='ocrx_word' id='word_1_100' title='bbox 620 1835 733 1902; x_wconf 84' lang='lat' dir='ltr'><strong>Celsus</strong></span> <span class='ocrx_word' id='word_1_101' title='bbox 757 1838 980 1922; x_wconf 80' lang='lat' dir='ltr'><strong>Epistularum</strong></span> <span class='ocrx_word' id='word_1_102' title='bbox 1008 1839 1092 1903; x_wconf 88' lang='lat' dir='ltr'><strong>libro</strong></span> 
     </span>
     <span class='ocr_line' id='line_1_17' title="bbox 91 1923 1092 2011; baseline 0.005 -23"><span class='ocrx_word' id='word_1_103' title='bbox 91 1923 251 1990; x_wconf 87' lang='lat' dir='ltr'><strong>undecimo</strong></span> <span class='ocrx_word' id='word_1_104' title='bbox 378 1929 511 2009; x_wconf 90' lang='lat' dir='ltr'><strong>tractat,</strong></span> <span class='ocrx_word' id='word_1_105' title='bbox 548 1948 586 1989; x_wconf 84' lang='lat' dir='ltr'><strong>ex</strong></span> <span class='ocrx_word' id='word_1_106' title='bbox 617 1925 705 1991; x_wconf 86' lang='lat' dir='ltr'><strong>facto</strong></span> <span class='ocrx_word' id='word_1_107' title='bbox 739 1950 757 1990; x_wconf 94' lang='lat' dir='ltr'><strong>a</strong></span> <span class='ocrx_word' id='word_1_108' title='bbox 791 1927 900 1992; x_wconf 80' lang='lat' dir='ltr'><strong>Flavio</strong></span> <span class='ocrx_word' id='word_1_109' title='bbox 933 1927 1092 2011; x_wconf 83' lang='lat' dir='ltr'><strong>Respecto</strong></span> 
     </span>
     <span class='ocr_line' id='line_1_18' title="bbox 89 2015 1092 2100; baseline 0.001 -22"><span class='ocrx_word' id='word_1_110' title='bbox 89 2018 231 2097; x_wconf 84' lang='lat' dir='ltr'><strong>praetore</strong></span> <span class='ocrx_word' id='word_1_111' title='bbox 275 2015 450 2079; x_wconf 85' lang='lat' dir='ltr'><strong>consultus.</strong></span> <span class='ocrx_word' id='word_1_112' title='bbox 513 2015 619 2079; x_wconf 92' lang='lat' dir='ltr'><strong>minor</strong></span> <span class='ocrx_word' id='word_1_113' title='bbox 661 2015 752 2079; x_wconf 89' lang='lat' dir='ltr'><strong>annis</strong></span> <span class='ocrx_word' id='word_1_114' title='bbox 794 2015 909 2098; x_wconf 83' lang='lat' dir='ltr'><strong>viginti</strong></span> <span class='ocrx_word' id='word_1_115' title='bbox 946 2017 1092 2100; x_wconf 90' lang='lat' dir='ltr'><strong>quinque,</strong></span> 
     </span>
     <span class='ocr_line' id='line_1_19' title="bbox 89 2101 1092 2189; baseline 0.001 -23"><span class='ocrx_word' id='word_1_116' title='bbox 89 2123 183 2168; x_wconf 85' lang='lat' dir='ltr'><strong>annos</strong></span> <span class='ocrx_word' id='word_1_117' title='bbox 211 2101 296 2167; x_wconf 88' lang='lat' dir='ltr'><strong>forte</strong></span> <span class='ocrx_word' id='word_1_118' title='bbox 325 2102 441 2187; x_wconf 86' lang='lat' dir='ltr'><strong>viginti</strong></span> <span class='ocrx_word' id='word_1_119' title='bbox 469 2106 621 2186; x_wconf 86' lang='lat' dir='ltr'><strong>quattuor</strong></span> <span class='ocrx_word' id='word_1_120' title='bbox 650 2124 761 2189; x_wconf 82' lang='lat' dir='ltr'><strong>agens,</strong></span> <span class='ocrx_word' id='word_1_121' title='bbox 789 2104 942 2168; x_wconf 88' lang='lat' dir='ltr'><strong>iudicium</strong></span> <span class='ocrx_word' id='word_1_122' title='bbox 969 2105 1092 2168; x_wconf 87' lang='lat' dir='ltr'><strong>tutelae</strong></span> 
     </span>
     <span class='ocr_line' id='line_1_20' title="bbox 87 2189 1091 2278; baseline 0.001 -23"><span class='ocrx_word' id='word_1_123' title='bbox 87 2189 193 2256; x_wconf 77' lang='lat' dir='ltr'><strong>benedi</strong></span> <span class='ocrx_word' id='word_1_124' title='bbox 216 2191 334 2256; x_wconf 87' lang='lat' dir='ltr'><strong>tutoris</strong></span> <span class='ocrx_word' id='word_1_125' title='bbox 359 2191 549 2278; x_wconf 73' lang='lat' dir='ltr'><strong>dictaverat,</strong></span> <span class='ocrx_word' id='word_1_126' title='bbox 580 2214 653 2257; x_wconf 86' lang='lat' dir='ltr'><strong>mox</strong></span> <span class='ocrx_word' id='word_1_127' title='bbox 680 2193 801 2257; x_wconf 86' lang='lat' dir='ltr'><strong>factum</strong></span> <span class='ocrx_word' id='word_1_128' title='bbox 830 2196 880 2274; x_wconf 93' lang='lat' dir='ltr'><strong>ut,</strong></span> <span class='ocrx_word' id='word_1_129' title='bbox 907 2215 972 2256; x_wconf 90' lang='lat' dir='ltr'><strong>non</strong></span> <span class='ocrx_word' id='word_1_130' title='bbox 1000 2193 1091 2256; x_wconf 92' lang='lat' dir='ltr'><strong>finito</strong></span> 
     </span>
     <span class='ocr_line' id='line_1_21' title="bbox 85 2279 1093 2367; baseline 0.001 -24"><span class='ocrx_word' id='word_1_131' title='bbox 85 2279 199 2345; x_wconf 91' lang='lat' dir='ltr'><strong>iudicio</strong></span> <span class='ocrx_word' id='word_1_132' title='bbox 232 2280 298 2343; x_wconf 85' lang='lat' dir='ltr'><strong>iam</strong></span> <span class='ocrx_word' id='word_1_133' title='bbox 326 2301 362 2344; x_wconf 89' lang='lat' dir='ltr'><strong>eo</strong></span> <span class='ocrx_word' id='word_1_134' title='bbox 393 2280 512 2345; x_wconf 88' lang='lat' dir='ltr'><strong>maiore</strong></span> <span class='ocrx_word' id='word_1_135' title='bbox 541 2281 653 2345; x_wconf 84' lang='lat' dir='ltr'><strong>effecto</strong></span> <span class='ocrx_word' id='word_1_136' title='bbox 681 2281 797 2367; x_wconf 83' lang='lat' dir='ltr'><strong>viginti</strong></span> <span class='ocrx_word' id='word_1_137' title='bbox 825 2282 961 2365; x_wconf 89' lang='lat' dir='ltr'><strong>quinque</strong></span> <span class='ocrx_word' id='word_1_138' title='bbox 990 2282 1093 2364; x_wconf 88' lang='lat' dir='ltr'><strong>annis,</strong></span> 
     </span>
     <span class='ocr_line' id='line_1_22' title="bbox 85 2368 1092 2453; baseline 0.002 -21"><span class='ocrx_word' id='word_1_139' title='bbox 85 2369 200 2434; x_wconf 87' lang='lat' dir='ltr'><strong>tutoris</strong></span> <span class='ocrx_word' id='word_1_140' title='bbox 237 2368 331 2433; x_wconf 89' lang='lat' dir='ltr'><strong>heres</strong></span> <span class='ocrx_word' id='word_1_141' title='bbox 369 2370 537 2434; x_wconf 88' lang='lat' dir='ltr'><strong>absolutus</strong></span> <span class='ocrx_word' id='word_1_142' title='bbox 575 2374 821 2453; x_wconf 69' lang='lat' dir='ltr'><strong>proponeretur,</strong></span> <span class='ocrx_word' id='word_1_143' title='bbox 857 2370 891 2433; x_wconf 90' lang='lat' dir='ltr'><strong>in</strong></span> <span class='ocrx_word' id='word_1_144' title='bbox 927 2370 1092 2453; x_wconf 83' lang='lat' dir='ltr'><strong>integrum</strong></span> 
     </span>
     <span class='ocr_line' id='line_1_23' title="bbox 82 2457 1092 2543; baseline -0.001 -21"><span class='ocrx_word' id='word_1_145' title='bbox 82 2457 247 2522; x_wconf 86' lang='lat' dir='ltr'><strong>restitutio</strong></span> <span class='ocrx_word' id='word_1_146' title='bbox 271 2457 521 2523; x_wconf 86' lang='lat' dir='ltr'><strong>desiderabatur.</strong></span> <span class='ocrx_word' id='word_1_147' title='bbox 554 2457 665 2524; x_wconf 82' lang='lat' dir='ltr'><strong>Celsus</strong></span> <span class='ocrx_word' id='word_1_148' title='bbox 685 2459 785 2543; x_wconf 83' lang='lat' dir='ltr'><strong>igitur</strong></span> <span class='ocrx_word' id='word_1_149' title='bbox 802 2458 960 2542; x_wconf 86' lang='lat' dir='ltr'><strong>Respecto</strong></span> <span class='ocrx_word' id='word_1_150' title='bbox 980 2458 1092 2539; x_wconf 88' lang='lat' dir='ltr'><strong>suasit,</strong></span> 
     </span>
     <span class='ocr_line' id='line_1_24' title="bbox 81 2545 1092 2631; baseline -0.001 -21"><span class='ocrx_word' id='word_1_151' title='bbox 81 2567 148 2612; x_wconf 90' lang='lat' dir='ltr'><strong>non</strong></span> <span class='ocrx_word' id='word_1_152' title='bbox 194 2545 291 2612; x_wconf 86' lang='lat' dir='ltr'><strong>facile</strong></span> <span class='ocrx_word' id='word_1_153' title='bbox 331 2547 416 2611; x_wconf 90' lang='lat' dir='ltr'><strong>hunc</strong></span> <span class='ocrx_word' id='word_1_154' title='bbox 458 2548 618 2630; x_wconf 90' lang='lat' dir='ltr'><strong>quondam</strong></span> <span class='ocrx_word' id='word_1_155' title='bbox 660 2549 816 2611; x_wconf 90' lang='lat' dir='ltr'><strong>minorem</strong></span> <span class='ocrx_word' id='word_1_156' title='bbox 857 2547 890 2610; x_wconf 89' lang='lat' dir='ltr'><strong>in</strong></span> <span class='ocrx_word' id='word_1_157' title='bbox 930 2549 1092 2631; x_wconf 83' lang='lat' dir='ltr'><strong>integrum</strong></span> 
     </span>
     <span class='ocr_line' id='line_1_25' title="bbox 80 2634 1092 2723; baseline 0 -25"><span class='ocrx_word' id='word_1_158' title='bbox 80 2635 225 2716; x_wconf 82' lang='lat' dir='ltr'><strong>restitui,</strong></span> <span class='ocrx_word' id='word_1_159' title='bbox 250 2634 309 2723; x_wconf 75' lang='lat' dir='ltr'><strong>sed</strong></span> <span class='ocrx_word' id='word_1_160' title='bbox 338 2636 366 2699; x_wconf 92' lang='lat' dir='ltr'><strong>si</strong></span> <span class='ocrx_word' id='word_1_161' title='bbox 394 2636 424 2700; x_wconf 89' lang='lat' dir='ltr'><strong>ei</strong></span> <span class='ocrx_word' id='word_1_162' title='bbox 447 2638 639 2719; x_wconf 87' lang='lat' dir='ltr'><strong>probaretur</strong></span> <span class='ocrx_word' id='word_1_163' title='bbox 663 2636 838 2700; x_wconf 87' lang='lat' dir='ltr'><strong>calliditate</strong></span> <span class='ocrx_word' id='word_1_164' title='bbox 862 2635 1035 2700; x_wconf 87' lang='lat' dir='ltr'><strong>adversarii</strong></span> <span class='ocrx_word' id='word_1_165' title='bbox 1059 2634 1092 2698; x_wconf 94' lang='lat' dir='ltr'><strong>id</strong></span> 
     </span>
     <span class='ocr_line' id='line_1_26' title="bbox 79 2724 1092 2808; baseline -0.002 -19"><span class='ocrx_word' id='word_1_166' title='bbox 79 2727 199 2808; x_wconf 78' lang='lat' dir='ltr'><strong>cetum,</strong></span> <span class='ocrx_word' id='word_1_167' title='bbox 222 2726 260 2787; x_wconf 89' lang='grc'><strong>111</strong></span> <span class='ocrx_word' id='word_1_168' title='bbox 282 2725 402 2789; x_wconf 90' lang='lat' dir='ltr'><strong>maiore</strong></span> <span class='ocrx_word' id='word_1_169' title='bbox 426 2746 463 2789; x_wconf 90' lang='lat' dir='ltr'><strong>eo</strong></span> <span class='ocrx_word' id='word_1_170' title='bbox 488 2725 574 2789; x_wconf 89' lang='lat' dir='ltr'><strong>facto</strong></span> <span class='ocrx_word' id='word_1_171' title='bbox 599 2724 801 2804; x_wconf 82' lang='lat' dir='ltr'><strong>liberaretur3</strong></span> <span class='ocrx_word' id='word_1_172' title='bbox 824 2746 918 2806; x_wconf 79' lang='lat' dir='ltr'><strong>neque</strong></span> <span class='ocrx_word' id='word_1_173' title='bbox 942 2726 1024 2788; x_wconf 81' lang='lat' dir='ltr'><strong>cutm</strong></span> <span class='ocrx_word' id='word_1_174' title='bbox 1042 2744 1092 2788; x_wconf 82' lang='grc'><strong>000-</strong></span> 
     </span>
     <span class='ocr_line' id='line_1_27' title="bbox 79 2812 1093 2895; baseline -0.003 -16"><span class='ocrx_word' id='word_1_175' title='bbox 79 2814 191 2895; x_wconf 61' lang='lat' dir='ltr'><strong>banc,</strong></span> <span class='ocrx_word' id='word_1_176' title='bbox 227 2812 345 2895; x_wconf 89' lang='lat' dir='ltr'><strong>inquit,</strong></span> <span class='ocrx_word' id='word_1_177' title='bbox 377 2814 489 2878; x_wconf 81' lang='lat' dir='ltr'><strong>iudicii</strong></span> <span class='ocrx_word' id='word_1_178' title='bbox 519 2814 568 2878; x_wconf 81' lang='lat' dir='ltr'><strong>dic</strong></span> <span class='ocrx_word' id='word_1_179' title='bbox 598 2815 717 2878; x_wconf 81' lang='lat' dir='ltr'><strong>uidetur</strong></span> <span class='ocrx_word' id='word_1_180' title='bbox 747 2814 846 2878; x_wconf 85' lang='lat' dir='ltr'><strong>solum</strong></span> <span class='ocrx_word' id='word_1_181' title='bbox 878 2815 1013 2894; x_wconf 82' lang='lat' dir='ltr'><strong>deceptus</strong></span> <span class='ocrx_word' id='word_1_182' title='bbox 1044 2813 1093 2877; x_wconf 81' lang='lat' dir='ltr'><strong>bic</strong></span> 
     </span>
     <span class='ocr_line' id='line_1_28' title="bbox 79 2901 1092 2984; baseline -0.001 -17"><span class='ocrx_word' id='word_1_183' title='bbox 79 2902 197 2984; x_wconf 79' lang='lat' dir='ltr'><strong>minor,</strong></span> <span class='ocrx_word' id='word_1_184' title='bbox 236 2902 290 2966; x_wconf 83' lang='lat' dir='ltr'><strong>sed</strong></span> <span class='ocrx_word' id='word_1_185' title='bbox 325 2906 421 2966; x_wconf 83' lang='lat' dir='ltr'><strong>totum</strong></span> <span class='ocrx_word' id='word_1_186' title='bbox 456 2901 510 2966; x_wconf 82' lang='lat' dir='ltr'><strong>hoe</strong></span> <span class='ocrx_word' id='word_1_187' title='bbox 543 2907 704 2984; x_wconf 81' lang='lat' dir='ltr'><strong>structum,</strong></span> <span class='ocrx_word' id='word_1_188' title='bbox 736 2907 771 2965; x_wconf 85' lang='lat' dir='ltr'><strong>ut</strong></span> <span class='ocrx_word' id='word_1_189' title='bbox 801 2903 916 2966; x_wconf 80' lang='lat' dir='ltr'><strong>maiore</strong></span> <span class='ocrx_word' id='word_1_190' title='bbox 947 2923 980 2966; x_wconf 90' lang='grc'><strong>00</strong></span> <span class='ocrx_word' id='word_1_191' title='bbox 1009 2902 1092 2983; x_wconf 80' lang='lat' dir='ltr'><strong>facto</strong></span> 
     </span>
     <span class='ocr_line' id='line_1_29' title="bbox 79 2990 1092 3072; baseline -0.004 -15"><span class='ocrx_word' id='word_1_192' title='bbox 79 2990 272 3057; x_wconf 69' lang='lat' dir='ltr'><strong>uteorum.</strong></span> <span class='ocrx_word' id='word_1_193' title='bbox 318 2990 403 3054; x_wconf 90' lang='lat' dir='ltr'><strong>idem</strong></span> <span class='ocrx_word' id='word_1_194' title='bbox 430 2993 540 3054; x_wconf 90' lang='lat' dir='ltr'><strong>tamen</strong></span> <span class='ocrx_word' id='word_1_195' title='bbox 569 2991 751 3072; x_wconf 86' lang='lat' dir='ltr'><strong>confitetur,</strong></span> <span class='ocrx_word' id='word_1_196' title='bbox 779 2992 806 3054; x_wconf 90' lang='lat' dir='ltr'><strong>si</strong></span> <span class='ocrx_word' id='word_1_197' title='bbox 833 2991 934 3054; x_wconf 87' lang='lat' dir='ltr'><strong>levior</strong></span> <span class='ocrx_word' id='word_1_198' title='bbox 959 2992 1001 3054; x_wconf 89' lang='lat' dir='ltr'><strong>sit</strong></span> <span class='ocrx_word' id='word_1_199' title='bbox 1024 3013 1092 3054; x_wconf 94' lang='lat' dir='ltr'><strong>sus-</strong></span> 
     </span>
     <span class='ocr_line' id='line_1_30' title="bbox 79 3079 1091 3165; baseline -0.001 -21"><span class='ocrx_word' id='word_1_200' title='bbox 79 3079 167 3165; x_wconf 90' lang='lat' dir='ltr'><strong>pioio</strong></span> <span class='ocrx_word' id='word_1_201' title='bbox 193 3079 371 3154; x_wconf 83' lang='lat' dir='ltr'><strong>adversarii</strong></span> <span class='ocrx_word' id='word_1_202' title='bbox 395 3081 487 3163; x_wconf 88' lang='lat' dir='ltr'><strong>quasi</strong></span> <span class='ocrx_word' id='word_1_203' title='bbox 511 3081 620 3144; x_wconf 90' lang='lat' dir='ltr'><strong>dolose</strong></span> <span class='ocrx_word' id='word_1_204' title='bbox 639 3079 766 3161; x_wconf 87' lang='lat' dir='ltr'><strong>versati,</strong></span> <span class='ocrx_word' id='word_1_205' title='bbox 790 3101 855 3143; x_wconf 92' lang='lat' dir='ltr'><strong>non</strong></span> <span class='ocrx_word' id='word_1_206' title='bbox 875 3079 989 3143; x_wconf 83' lang='lat' dir='ltr'><strong>debere</strong></span> <span class='ocrx_word' id='word_1_207' title='bbox 1006 3079 1091 3143; x_wconf 86' lang='lat' dir='ltr'><strong>huno</strong></span> 
     </span>
     <span class='ocr_line' id='line_1_31' title="bbox 79 3168 459 3249; baseline -0.008 -15"><span class='ocrx_word' id='word_1_208' title='bbox 79 3169 112 3234; x_wconf 89' lang='lat' dir='ltr'><strong>in</strong></span> <span class='ocrx_word' id='word_1_209' title='bbox 135 3168 300 3249; x_wconf 87' lang='lat' dir='ltr'><strong>integrum</strong></span> <span class='ocrx_word' id='word_1_210' title='bbox 323 3168 459 3232; x_wconf 87' lang='lat' dir='ltr'><strong>restitui.</strong></span> 
     </span>
    </p>
   </div>
   <div class='ocr_carea' id='block_1_9' title="bbox 362 3350 818 3422">
    <p class='ocr_par' dir='ltr' id='par_1_9' title="bbox 362 3350 818 3422">
     <span class='ocr_line' id='line_1_32' title="bbox 362 3350 818 3422; baseline 0.002 -13"><span class='ocrx_word' id='word_1_211' title='bbox 362 3350 416 3410; x_wconf 74' lang='lat' dir='ltr'><strong>ui</strong></span> <span class='ocrx_word' id='word_1_212' title='bbox 441 3351 698 3422; x_wconf 82' lang='lat' dir='ltr'><strong>Quaestionum</strong></span> <span class='ocrx_word' id='word_1_213' title='bbox 721 3350 818 3410; x_wconf 90' lang='lat' dir='ltr'><strong>libri.</strong></span> 
     </span>
    </p>
   </div>
   <div class='ocr_carea' id='block_1_10' title="bbox 79 3472 1098 3648">
    <p class='ocr_par' dir='ltr' id='par_1_10' title="bbox 79 3472 1098 3648">
     <span class='ocr_line' id='line_1_33' title="bbox 169 3472 1091 3551; baseline 0 -19"><span class='ocrx_word' id='word_1_214' title='bbox 169 3473 386 3544; x_wconf 86' lang='lat' dir='ltr'><strong>Quaestionum</strong></span> <span class='ocrx_word' id='word_1_215' title='bbox 413 3475 503 3534; x_wconf 86' lang='lat' dir='ltr'><strong>libros</strong></span> <span class='ocrx_word' id='word_1_216' title='bbox 528 3472 630 3534; x_wconf 84' lang='lat' dir='ltr'><strong>Celsus</strong></span> <span class='ocrx_word' id='word_1_217' title='bbox 655 3475 823 3551; x_wconf 87' lang='lat' dir='ltr'><strong>composuit</strong></span> <span class='ocrx_word' id='word_1_218' title='bbox 848 3478 918 3550; x_wconf 83' lang='lat' dir='ltr'><strong>post</strong></span> <span class='ocrx_word' id='word_1_219' title='bbox 943 3474 1091 3532; x_wconf 87' lang='lat' dir='ltr'><strong>Fufidium</strong></span> 
     </span>
     <span class='ocr_line' id='line_1_34' title="bbox 79 3555 1098 3648; baseline -0.005 -23"><span class='ocrx_word' id='word_1_220' title='bbox 79 3557 190 3648; x_wconf 84' lang='lat' dir='ltr'><strong>[supra</strong></span> <span class='ocrx_word' id='word_1_221' title='bbox 202 3584 231 3639; x_wconf 90' lang='lat' dir='ltr'><strong>p.</strong></span> <span class='ocrx_word' id='word_1_222' title='bbox 243 3555 321 3644; x_wconf 84' lang='lat'>195)</span> <span class='ocrx_word' id='word_1_223' title='bbox 336 3565 495 3640; x_wconf 89' lang='lat' dir='ltr'><strong>pluresque</strong></span> <span class='ocrx_word' id='word_1_224' title='bbox 515 3564 611 3623; x_wconf 91' lang='lat' dir='ltr'><strong>secuti</strong></span> <span class='ocrx_word' id='word_1_225' title='bbox 626 3566 705 3625; x_wconf 89' lang='lat' dir='ltr'><strong>sunt.</strong></span> <span class='ocrx_word' id='word_1_226' title='bbox 732 3564 869 3641; x_wconf 85' lang='lat' dir='ltr'><strong>Krueger</strong></span> <span class='ocrx_word' id='word_1_227' title='bbox 883 3584 910 3640; x_wconf 88' lang='lat' dir='ltr'><strong>p.</strong></span> <span class='ocrx_word' id='word_1_228' title='bbox 924 3565 986 3622; x_wconf 77' lang='lat'><strong>132</strong></span> <span class='ocrx_word' id='word_1_229' title='bbox 1000 3565 1098 3621; x_wconf 64' lang='grc'><strong>1111.</strong></span> 
     </span>
    </p>
   </div>
   <div class='ocr_carea' id='block_1_11' title="bbox 0 0 1216 3976">
    <p class='ocr_par' dir='ltr' id='par_1_11' title="bbox 0 0 1216 3976">
     <span class='ocr_line' id='line_1_35' title="bbox 0 0 1216 3976; baseline 0 2"><span class='ocrx_word' id='word_1_230' title='bbox 0 0 1216 3976; x_wconf 95' lang='lat' dir='ltr'><strong> </strong></span> 
     </span>
    </p>
   </div>
  </div>
 </body>
</html>
