2422 3976
94 186 158 253 188
175 188 222 245 111.
233 188 310 246 0111
319 189 467 245 CLAUDII
475 188 611 247 NERON.
621 187 766 251 GALBAE
777 189 886 246 ΤΕΜΡ.
894 188 994 246 IURIS
1003 187 1105 246 CONS.

296 368 346 435 De
368 372 557 453 adquirendo
578 392 684 436 rerum
705 371 848 436 dominio.

181 474 234 543 21.
257 475 298 541 D.
311 477 365 560 41,
382 477 410 560 1,
425 477 477 542 28.
512 477 603 543 Idem
626 473 684 561 (sc.
706 472 919 564 Pomponius)
942 477 1027 542 libro
1050 478 1107 542 tri-

95 562 242 649 gensimo
262 566 358 629 tertio
378 566 419 630 ad
437 563 594 631 Sabinum
614 564 664 652 (P.
680 561 825 653 7811-
842 563 877 630 si
895 587 995 650 supra
1013 569 1106 631 tuum

94 651 252 739 parietem
275 654 398 718 vicinus
422 654 652 736 aedificaverit,
679 655 846 739 proprium
871 655 940 718 eius
963 653 997 718 id
1021 654 1106 738 quod

96 740 312 807 aedificaverit
330 743 399 808 fieri
418 742 526 808 Labeo
546 747 578 808 et
597 743 735 809 Sabinus
755 743 859 827 aiunt;
878 743 932 807 sed
948 740 1105 808 Proculus

93 833 184 896 tuum
214 832 395 916 proprium,
427 832 696 916 quemadmodum
722 831 828 915 fieret,
860 831 946 915 quod
973 832 1008 896 in
1036 831 1106 897 solo

92 922 150 986 tuo
174 919 256 986 elius
281 919 490 986 aedificasset.

183 1009 236 1074 22.
263 1008 303 1073 D.
322 1009 374 1092 41,
395 1012 423 1094 1,
441 1010 494 1073 24.
512 1009 556 1074 26
563 1032 611 1094 pr.
656 1006 775 1074 Paulus
802 1009 886 1074 libro
912 1012 1030 1094 quarto
1055 1009 1107 1073 de·

96 1098 180 1165 cimo
204 1098 245 1163 ad
270 1095 426 1162 Sabinum
450 1093 500 1184 (P.
516 1095 626 1182 1868).
649 1132 694 1144 -
715 1097 754 1162 In
777 1097 936 1182 omnibus,
960 1120 1042 1181 qnae
1066 1097 1106 1162 ad

95 1186 227 1252 eandem
251 1188 389 1271 speciem
412 1188 530 1251 reverti
548 1209 614 1251 non
632 1189 779 1270 possunt,
803 1186 973 1251 dicendum
993 1190 1053 1271 est,
1077 1185 1106 1250 si

95 1276 232 1342 materia
263 1280 413 1341 manente
443 1275 565 1360 species
593 1276 760 1340 dumtaxat
787 1274 871 1340 forte
899 1279 1027 1340 mutata
1054 1274 1107 1357 sit,

97 1364 196 1431 veluti
225 1363 252 1428 si
282 1386 352 1429 meo
379 1386 452 1428 aere
476 1367 619 1429 statuam
643 1367 698 1428 aut
722 1368 857 1448 argento
882 1364 1041 1448 scyphum
1062 1362 1107 1428 fe·

96 1454 210 1531 cissos,
246 1474 297 1516 me
335 1474 446 1518 eorum
478 1454 644 1519 dominum
677 1473 814 1517 manere.
843 1450 850 1540 Ι
879 1451 935 1517 sed
965 1452 994 1517 si
1028 1452 1107 1516 meis

96 1541 218 1609 tabulis
232 1563 349 1606 navem
364 1542 504 1626 fecisses,
517 1545 608 1606 tuam
622 1563 736 1606 navem
751 1562 832 1625 esse,
846 1542 922 1626 quia
936 1561 1108 1626 cupressus

95 1653 160 1697 non
192 1634 350 1709 maneret,
383 1629 480 1695 sicuti
508 1652 567 1695 neo
594 1631 670 1694 lana
697 1629 891 1695 vestimento
920 1629 1025 1714 facto,
1053 1628 1108 1695 sed

97 1740 302 1804 cupresseum
326 1721 383 1783 aut
405 1719 532 1783 laneum
552 1740 666 1802 corpus
685 1720 777 1784 fieret
791 1768 799 1782 .
812 1717 968 1783 Proculus
987 1719 1109 1784 indicat

98 1809 159 1873 hcc
187 1808 256 1872 iure
279 1829 339 1871 nos
363 1807 425 1892 uti,
452 1809 537 1891 quod
560 1806 671 1873 Servio
694 1811 727 1873 et
750 1807 894 1872 Labeoni
916 1807 1108 1891 placuisset:

97 1897 130 1962 in
154 1897 269 1979 quibus
293 1896 424 1980 propria
447 1896 588 1980 qualitas
612 1898 887 1980 [ex]spectaretur,
911 1896 1037 1979 siquid
1057 1896 1109 1961 sd·

98 1986 200 2050 ditum
220 1985 292 2068 erit,
310 1988 381 2049 toto
398 1985 490 2068 cedit,
510 1989 546 2050 ut
560 1989 687 2049 statuae
701 2006 756 2068 pes
772 1987 828 2049 ent
843 2006 967 2070 manus,
985 1986 1108 2070 scypho

99 2074 218 2139 fundus
242 2078 299 2138 aut
322 2095 415 2157 ansa,
439 2074 522 2138 lecto
541 2073 694 2157 fulcrum,
717 2074 792 2138 navi
816 2074 940 2157 tabule,
964 2074 1109 2140 aedificio

100 2166 308 2228 caementum.

185 2256 300 2316 Paulus
316 2256 412 2316 addit:
427 2251 505 2317 ‘tota
520 2256 599 2314 enim
614 2255 677 2315 eius
692 2259 772 2333 sunt,
786 2255 870 2315 cuius
885 2262 955 2315 ente
965 2250 1108 2317 fuerant'.

451 2409 501 2475 De
523 2431 622 2493 corrue
644 2412 744 2475 ducto.

186 2519 238 2583 23.
260 2517 300 2582 D.
315 2520 344 2594 8,
359 2519 391 2600 3,
405 2518 456 2583 24.
489 2516 687 2600 Pomponius
702 2516 785 2581 libro
800 2516 994 2602 trigensimc
1009 2517 1108 2583 tertio

98 2606 137 2671 ad
162 2605 317 2671 Sabinum
337 2603 387 2689 (P.
408 2603 496 2690 788).
521 2642 559 2652 -
585 2605 635 2670 Ex
657 2626 729 2670 meo
753 2627 854 2689 aquae
878 2605 978 2670 ductu
1001 2605 1110 2672 Labeo

100 2695 211 2760 scribit
234 2695 370 2759 cuilibet
392 2716 487 2777 posse
511 2716 562 2758 me
584 2694 690 2758 uicino
714 2694 930 2779 commodare,
953 2693 1110 2761 Proculus

99 2787 225 2865 contra,
253 2788 290 2846 ut
313 2805 354 2847 ne
377 2783 411 2846 in
434 2788 561 2866 partem
584 2779 663 2847 cecil
690 2782 781 2847 fundi
805 2781 917 2861 aliem,
946 2805 1047 2867 quam
1070 2782 1107 2849 ad

99 2894 195 2956 quum
221 2871 360 2936 servitus
384 2872 544 2955 adquisita
567 2872 624 2954 sit,
647 2868 735 2936 duci²
759 2893 797 2935 ea
819 2871 934 2955 possit.

304 3063 356 3123 IV.
383 3062 548 3122 Incertae
573 3062 667 3122 sedis
690 3063 903 3140 fragments.

186 3177 314 3253 Reliqua
350 3178 532 3253 fragmenta,
568 3180 659 3253 prout
692 3196 827 3256 quaeque
860 3178 956 3256 magis
990 3180 1030 3239 ad
1061 3179 1105 3238 ius

98 3267 185 3326 civile
216 3270 269 3325 aut
297 3268 334 3326 ad
361 3266 409 3325 ius
436 3266 627 3326 honorarium
655 3267 819 3345 pertinent,
852 3266 884 3325 in
911 3267 970 3326 duo
999 3285 1107 3346 genera

99 3355 247 3415 distribui.

171 3495 185 3542 1
205 3489 254 3544 Fz.
273 3506 363 3544 meam
382 3491 499 3558 partem.

170 3560 255 3615 ert
273 3561 323 3615 uti.
