2422 3976
101 189 143 254 86
172 191 219 246 111.
234 191 310 246 GAII
325 191 472 248 CLAUDII
480 191 616 248 NERON.
628 192 774 247 GALBAE
784 192 891 248 Tene.
900 191 998 248 IUItIS
1008 191 1109 249 CONS.

99 358 131 418 et
164 354 210 417 ait
242 353 382 419 dubitari
414 377 522 439 posse,
555 355 630 440 quia
662 357 785 421 nullum
816 356 985 440 negotium
1004 360 1109 422 ,tuum

98 445 227 526 gestum
255 447 317 528 est,
349 465 421 508 cum
450 445 576 509 debitor
603 449 677 508 tuus
705 466 771 508 non
799 445 904 509 fuerit.
954 445 1008 510 sed
1032 447 1109 509 rati

98 529 225 610 natira,
254 531 373 615 inquit,
398 533 470 613 teuit
496 537 584 598 tnnrn
611 535 777 616 nepotiani,
804 538 834 598 et
853 534 933 598 sient
954 535 984 598 ei
1007 555 1029 598 a
1050 555 1108 616 qno

98 623 239 684 exactum
272 626 316 686 est
351 623 495 686 adunans
526 643 595 686 enrn
624 624 718 686 datur
749 624 886 703 repetitio
915 623 971 703 pni
1003 628 1110 687 ratnrn

97 706 216 793 tanin,
244 709 291 773 ita
317 715 346 774 et
371 711 434 792 ipsi
460 711 573 776 debebit
594 716 666 793 post
690 711 941 776 ratihabitionem
963 713 1111 776 adunare

98 816 147 860 rne
173 804 336 879 competere
362 801 449 864 aetio.
494 800 538 864 sic
564 800 742 865 ratihabitio
764 801 926 865 constituet
947 804 1038 864 tnnrn
1059 820 1109 864 nc·

94 886 225 970 potinrn,
251 890 332 969 qnod
352 888 390 953 ab
412 889 502 952 initio
525 894 612 954 tnnrn
633 909 697 954 non
719 894 798 972 nat,
826 890 879 954 sed
901 894 956 953 tna
978 894 1109 954 contem·

94 974 234 1056 piatione
252 982 378 1059 pestnrn.

186 1063 214 1129 8.
238 1064 318 1130 Ibid.
336 1066 423 1146 512.
442 1102 484 1113 -
503 1064 592 1130 Idem
616 1066 671 1150 ait,
695 1066 722 1130 si
740 1065 818 1130 Titii
840 1065 1032 1150 debitorem,
1056 1066 1106 1130 oui

96 1155 128 1214 te
147 1151 296 1218 heredem
316 1155 480 1239 putabam,
498 1176 570 1219 oum
589 1159 675 1218 esset
694 1152 784 1219 Seius
803 1154 905 1237 heren,
923 1175 1106 1219 convenero

98 1240 246 1305 similiter
278 1246 310 1307 et
342 1264 491 1328 exegero,
524 1265 599 1307 mox
631 1247 668 1307 tu
700 1248 807 1307 ratum
840 1242 1005 1324 habueris,
1040 1264 1110 1308 esse

97 1328 179 1394 mihi
197 1330 348 1397 adversus
368 1337 401 1396 te
420 1336 453 1396 et
470 1331 533 1396 tibi
552 1334 697 1397 mutuam
716 1332 921 1416 negotiorum
941 1335 1109 1416 gestorum

97 1419 266 1484 actionem.
312 1421 424 1505 atquin
448 1421 587 1485 alienum
612 1418 778 1504 negotium
802 1425 930 1504 gestum
954 1423 1014 1506 est3
1054 1421 1109 1485 sed

96 1506 284 1573 ratihabitio
317 1508 378 1573 hoo
411 1509 576 1591 conciliat,
609 1530 691 1595 quae
723 1530 774 1572 res
805 1508 918 1592 efficit,
950 1515 989 1573 ut
1017 1513 1108 1574 tuum

96 1597 263 1680 negotium
283 1602 409 1680 gestum
428 1598 574 1663 videatur
593 1604 626 1661 et
645 1620 663 1661 a
683 1600 716 1661 te
734 1597 895 1662 hereditas
911 1597 979 1681 peti
994 1598 1108 1681 possit.

185 1684 215 1749 9.
247 1683 328 1749 Ibid.
354 1686 442 1766 513.
480 1723 516 1734 -
552 1687 634 1766 Quid
663 1707 744 1770 erpo,
778 1685 884 1769 inquit
910 1685 1043 1771 Pedius,
1071 1687 1110 1770 si,

95 1793 164 1837 cnrn
191 1778 218 1838 te
243 1773 378 1839 bnedern
398 1779 557 1858 putarem,
583 1775 719 1839 insulani
743 1775 858 1855 fulsere
885 1774 1105 1839 bereditarium

96 1865 186 1943 tnqne
212 1867 317 1927 ratnrn
342 1863 498 1946 bobneris,
530 1884 574 1928 an
604 1864 646 1927 sit
671 1863 750 1927 rnibi
776 1864 922 1928 adrnsns
951 1869 978 1927 tc
1006 1863 1107 1929 actio?

97 1951 152 2017 sed
176 1973 243 2016 non
266 1951 335 2016 fore
357 1951 413 2034 ait,
436 1974 507 2017 oum
527 1950 588 2015 hoo
607 1952 693 2015 facto
714 1973 785 2016 meo
805 1952 887 2015 alter
906 1952 950 2015 sit
967 1953 1108 2036 locuple·

97 2042 186 2104 tatus
218 2043 251 2104 et
283 2040 415 2104 alterius
448 2063 483 2104 re
510 2041 581 2120 ipsa
609 2045 735 2124 gestum
763 2039 931 2124 negotium
961 2041 1019 2123 sit,
1051 2063 1108 2106 neo

98 2128 213 2210 possit,
237 2128 322 2213 quod
346 2128 402 2193 alii
426 2129 621 2213 adquisitum
644 2133 694 2192 est
716 2129 787 2211 ipso
809 2133 912 2213 gestu,
936 2129 998 2193 hoc
1018 2136 1108 2195 tuum

99 2218 266 2301 negotium
290 2218 399 2283 videri.

496 2355 603 2414 Liber
627 2354 709 2414 VIII.

364 2463 442 2532 Quod
460 2467 545 2517 rnetns
562 2479 647 2517 cansa
664 2468 767 2531 peatrnn
785 2463 844 2517 erit.

187 2573 237 2638 10.
270 2571 308 2637 D.
331 2573 362 2651 4,
385 2572 415 2649 2,
436 2573 510 2654 Ipr.
555 2570 714 2653 Ulpianus
748 2571 832 2636 libro
866 2570 1037 2637 undecimo
1071 2571 1108 2636 ad

98 2661 236 2725 edietum
257 2660 304 2745 (P.
320 2657 424 2746 371b).
442 2696 479 2706 —
496 2660 564 2726 Neo
583 2661 732 2724 timorem
751 2658 906 2723 infamiae
925 2659 988 2725 hoo
1005 2660 1108 2726 edicto

100 2749 258 2814 contineri
281 2748 398 2813 Pedius
427 2749 504 2813 dieit
531 2749 616 2812 libro
643 2749 782 2831 septimo
808 2746 934 2832 (immoz
969 2747 1107 2832 octavo),

97 2859 200 2923 neque
233 2837 368 2901 alieuius
402 2837 579 2902 vexationis
611 2837 760 2901 timorem
793 2859 850 2920 per
878 2837 940 2902 hoo
969 2837 1108 2902 edietum

98 2927 234 2990 restitui.
289 2924 437 3010 [proinde
475 2928 502 2990 si
540 2927 611 3009 quis
643 2925 851 2989 meticulosus
884 2947 952 2989 rem
985 2926 1108 2990 nullam

98 3015 219 3079 frustra
254 3014 412 3095 timuerit,
447 3037 505 3098 per
540 3014 602 3078 hoo
638 3015 776 3078 edictum
813 3035 878 3078 non
915 3013 1108 3098 restituitur,

98 3104 251 3186 quoniam
273 3124 375 3189 neque
399 3104 429 3166 vi
452 3125 555 3186 neque
579 3108 683 3166 metus
708 3124 805 3167 eausa
828 3102 949 3167 factum
973 3104 1047 3183 est]

190 3192 240 3257 11.
267 3190 305 3254 D.
323 3193 354 3276 4,
373 3194 402 3267 2,
423 3193 474 3276 14,
493 3192 522 3257 5.
569 3190 728 3275 Ulpianus
757 3191 841 3257 libro
870 3190 1040 3256 undecimo
1070 3190 1108 3257 ad

99 3280 241 3345 edictum
273 3276 322 3366 (P.
346 3279 434 3365 377).
465 3317 503 3328 -
535 3278 650 3343 Pedius
675 3280 814 3344 ..libro
848 3283 963 3345 octavo
997 3281 1110 3345 scribit

99 3368 269 3433 arbitrium
295 3368 410 3434 iudicis
437 3368 472 3432 in
495 3368 693 3433 restituenda
716 3389 750 3431 re
773 3369 839 3434 tale
864 3390 946 3452 esse,
975 3375 1013 3433 ut
1037 3391 1109 3434 enm

98 3458 227 3542 quidem
252 3457 306 3543 qui
329 3458 394 3523 rim
417 3456 550 3521 admisit
572 3456 683 3521 iubeat
705 3457 889 3539 restituere,
918 3458 1047 3522 etiamsi
1070 3457 1110 3523 ad

99 3547 198 3611 alium
230 3569 281 3611 res
313 3545 475 3631 pervenit3
507 3567 580 3609 eum
613 3550 720 3610 autam
754 3547 792 3610 ad
826 3568 920 3630 quem
950 3547 1111 3630 pervenit,
