2422 3976
343 187 368 240 4.
388 183 416 238 C.
431 181 577 238 casulas
595 181 782 239 LONGINUS
1024 184 1066 249 57

63 346 144 412 socio
164 367 237 411 esse
255 345 418 411 actionem
436 345 476 411 ad
494 345 737 429 reciperandum
756 350 922 431 sumptum
937 343 1070 414 Cassius

62 435 197 519 scripsit.

145 525 199 590 80.
223 522 264 588 D.
279 524 331 605 17,
345 525 376 606 2,
389 523 442 606 29,
458 525 486 587 1.
522 521 682 607 Ulpianus
705 524 789 588 libro
812 524 1005 609 trigensimo
1029 526 1069 590 ad

60 611 215 678 Sabinum
242 607 290 698 (P.
307 610 421 698 2742).
443 645 487 658 -
509 611 561 675 Ia
583 611 662 677 coiri
686 613 874 678 societatem
895 634 1004 698 posse,
1032 617 1070 680 ut

58 702 181 767 nullam
203 704 332 785 partem
355 700 463 765 damni
486 700 570 765 alter
592 700 722 784 sentiat,
744 702 868 767 luorum
889 722 965 766 vero
985 724 1070 768 com·

58 812 153 855 mune
177 790 235 864 sit,
257 786 391 854 Cassius
414 792 518 874 putat.

145 879 199 944 81.
218 877 259 942 D.
275 878 326 958 17,
339 879 370 960 2,
384 879 437 963 65,
446 879 475 942 3.
504 877 622 942 Paulus
632 877 715 942 libro
725 878 914 962 trigensimo
929 880 1069 946 secundo

57 967 96 1031 ad
119 967 264 1032 edictum
287 965 337 1052 (P.
350 964 439 1052 495).
461 1003 506 1014 -
529 966 677 1031 Diximus
701 966 846 1031 dissensu
870 969 952 1032 solvi
970 969 1069 1034 socie-

56 1060 173 1139 tatem;
201 1055 265 1120 hoc
287 1057 335 1119 ita
358 1061 421 1139 est,
447 1056 475 1119 si
497 1077 609 1120 omnes
633 1055 837 1120 dissentiunt.
883 1055 960 1140 quid
983 1077 1070 1142 ergo,

57 1146 83 1210 si
104 1167 192 1210 nnus
215 1143 401 1208 renuntiet?
442 1141 574 1209 Cassius
593 1143 724 1228 scripsit
743 1165 815 1207 eum
835 1143 891 1227 qui
908 1147 1071 1210 renuntia·

57 1234 141 1298 verit
165 1233 328 1316 societati,
356 1253 374 1295 a
398 1253 432 1296 se
460 1232 588 1317 quidem
613 1232 751 1296 liberare
779 1231 885 1296 socios
914 1254 1004 1317 suos,
1035 1256 1069 1299 se

56 1327 167 1388 autem
191 1321 233 1386 ab
256 1321 324 1385 illis
346 1343 414 1386 non
437 1321 586 1386 liberare.

226 1513 271 1571 De
293 1513 496 1572 amatunam
517 1514 593 1571 inter
615 1513 712 1569 virum
735 1514 761 1569 et
781 1528 910 1571 acoron.

145 1631 199 1698 82.
233 1629 271 1694 D.
290 1632 343 1714 24,
363 1631 390 1715 1,
417 1633 467 1714 11,
486 1630 515 1694 3.
570 1627 731 1713 Ulpianus
763 1630 847 1695 libro
878 1629 1068 1717 trigensimo

55 1720 198 1786 secundo
232 1720 272 1784 ad
301 1717 458 1785 Sabinum
490 1715 540 1806 (P.
559 1715 683 1806 27680).
711 1756 754 1766 -
782 1719 872 1784 Idem
905 1715 961 1806 (sc.
985 1719 1070 1784 Mar·

55 1806 174 1894 collus)
198 1808 260 1873 ait:
282 1807 444 1893 placuisse
468 1808 534 1873 scio
554 1806 747 1891 Sabinianis,
771 1809 799 1872 si
821 1808 909 1873 filiae
927 1808 1068 1872 familias

55 1896 149 1964 uxori
178 1897 315 1960 maritus
337 1896 446 1962 tradet
468 1893 620 1984 (fundum
644 1896 758 1960 mortis
782 1919 880 1961 causa
907 1897 1067 1982 mancipio

55 1985 162 2071 dete),
195 1985 404 2050 donationem
435 1986 504 2050 eius
531 2006 604 2049 cum
637 1985 726 2049 omni
759 2007 816 2050 suo
849 1987 1068 2050 emolumento

54 2074 134 2158 fieri,
158 2075 187 2138 si
211 2074 285 2138 vivo
309 2073 412 2138 adhuc
435 2073 553 2138 marito
577 2072 628 2137 sui
651 2072 729 2138 iuris
753 2074 849 2138 fuerit
873 2075 993 2138 effecta.

144 2194 362 2254 Tribonianum
379 2193 515 2254 Marcelli
537 2193 631 2254 verba
654 2194 824 2269 corrupisse
844 2196 970 2270 apparet
989 2187 1067 2274 (do-

54 2283 210 2344 nationem
233 2283 298 2344 eius
313 2331 319 2342 .
335 2330 341 2342 .
357 2330 363 2342 .
378 2277 477 2363 fieri').

315 2461 482 2521 Decorum
504 2465 668 2520 amoturum
690 2461 805 2520 iudicio.

145 2580 199 2645 83.
223 2579 262 2644 D.
277 2579 329 2663 25,
344 2581 374 2660 2,
390 2581 418 2646 1.
453 2579 574 2644 Paulus
593 2578 679 2645 libro
697 2580 836 2664 septimo
856 2579 896 2643 ad
912 2578 1069 2644 Sabinum

57 2665 107 2754 (P.
132 2666 245 2752 1773).
280 2704 318 2714 -
353 2667 474 2733 Rerum
507 2671 688 2732 amotarum
721 2668 874 2733 iudicium
906 2667 1069 2752 singulare

55 2756 278 2821 introductum
312 2760 361 2821 est
387 2755 542 2821 adversus
569 2778 641 2821 eam
669 2779 752 2841 quae
780 2779 860 2822 uxor
887 2757 963 2841 fuit,
994 2757 1070 2841 quia

55 2866 121 2910 non
157 2844 282 2928 placuit
318 2866 390 2909 cum
425 2867 463 2910 ea
494 2841 573 2908 furti
605 2865 700 2928 agere
732 2867 840 2929 posse,
877 2846 1069 2931 quibusdam

56 2933 322 2998 existimantibus
341 2955 382 2997 ne
400 2932 529 3018 quidem
547 2933 670 2997 furtum
689 2956 761 2998 eam
780 2934 893 3017 facere,
911 2939 948 2999 ut
962 2934 1070 2999 Nerva

56 3020 182 3105 Cassio,
201 3021 280 3105 quia
298 3021 435 3087 societas
454 3021 540 3087 vitae
559 3021 796 3105 quodammodo
816 3022 979 3088 dominam
998 3045 1069 3087 eam

55 3109 185 3175 faceret.

404 3215 455 3281 De
477 3217 571 3281 tutelo
593 3221 622 3280 et
642 3236 726 3281 curo.

483 3337 531 3395 De
552 3337 648 3397 tutelo.

145 3447 199 3513 84.
226 3445 266 3510 D.
285 3446 338 3528 26,
353 3446 382 3530 1,
396 3447 426 3528 3,
440 3446 470 3510 2.
506 3444 666 3528 Ulpianus
685 3447 768 3512 libro
786 3447 979 3530 trigensimo
998 3465 1069 3527 sep-

58 3534 137 3600 timo
167 3535 208 3599 ad
232 3531 387 3599 Sabinum
411 3532 460 3619 (P.
479 3535 591 3620 2837).
617 3572 655 3582 -
681 3533 716 3599 si
738 3535 881 3619 pupillus
903 3532 1069 3617 pupillave
