2422 3976
95 191 137 255 88
165 192 212 246 111.
227 191 304 246 GAII
317 189 462 245 CLAUDII
476 189 611 244 NERON.
622 189 766 245 GALBAE
777 189 884 246 TEMP.
894 188 992 244 IURIS
1002 189 1109 246 CONS.

98 356 181 419 libro
201 353 392 437 trigensimo
412 353 509 417 tertio
530 353 674 418 scribunt
692 354 784 437 parvi
802 353 929 434 referre,
947 353 1108 439 ingenuus

96 444 166 527 quis
193 464 234 506 an
259 440 428 505 libertinus
452 442 504 525 sit,
525 441 672 526 integrae
696 442 800 506 famae
823 442 895 525 quis
919 442 963 506 sit
987 442 1108 506 arbiter

95 554 136 595 an
158 551 401 615 ignominiosus.

186 636 235 700 17.
264 636 302 700 Ι).
321 637 352 717 4,
372 637 401 712 8,
421 637 473 717 13,
491 637 521 700 2.
566 635 726 719 Ulpianus
753 636 836 702 libro
859 638 957 702 tertio
984 637 1104 702 decimo

95 726 135 790 ad
156 726 296 789 edietum
316 721 365 811 (P.
380 721 470 811 455).
491 761 529 771 —
550 724 724 807 Recepisse
738 775 745 789 .
761 775 767 788 .
783 725 953 789 arbitrium
972 727 1103 810 videtur,

94 820 132 879 ut
150 813 267 878 Pedius
291 814 375 877 libro
400 834 486 877 nono
512 813 598 895 dioit,
621 815 675 896 qui
699 812 812 878 iudicis
836 817 944 896 partes
965 815 1103 898 suscepit

95 905 256 986 finemque
284 924 318 966 se
347 925 405 966 sua
434 903 594 966 sententia
622 903 850 966 controversiis
878 903 1102 986 impositurum

94 991 275 1076 pollicetur.
328 992 409 1072 quod
438 991 480 1071 si,
522 991 641 1074 inquit,
682 991 825 1056 hoctenem
861 992 1038 1075 interserit,
1072 995 1104 1056 rt

95 1081 296 1164 experiretur,
324 1101 367 1143 aa
394 1080 520 1144 consitio
542 1099 598 1144 sero
621 1080 666 1142 rei
688 1081 868 1144 auctoriate
890 1081 1003 1145 disereti
1025 1080 1103 1145 litem

89 1173 278 1254 poterentur,
300 1188 363 1232 aori
385 1169 505 1233 videtur
526 1169 691 1232 arbitrium
712 1170 862 1250 recepisse.

185 1275 236 1340 18.
260 1273 299 1338 D.
312 1274 343 1358 4,
360 1275 389 1352 8,
404 1275 456 1358 32,
474 1275 522 1338 16.
563 1268 683 1338 Paulus
702 1275 786 1337 libro
805 1275 903 1339 tertio
923 1275 1048 1340 decimo
1067 1273 1103 1338 ad

96 1364 234 1428 edietum
271 1361 319 1445 (P.
343 1362 445 1446 2510).
479 1398 521 1409 -
556 1360 744 1436 Quaesitum
783 1369 833 1427 est
869 1363 907 1427 de
947 1362 1104 1428 sententia

96 1451 240 1535 dicenda,
263 1456 296 1514 et
319 1451 440 1514 dietum
461 1473 526 1516 non
546 1452 734 1534 quamlibet,
758 1451 835 1516 lieet
854 1451 892 1515 de
912 1451 1103 1535 quibusdam

95 1542 254 1604 variatum
275 1540 325 1621 sit,
344 1540 507 1622 <valere>3
531 1562 547 1602 e
583 1537 679 1622 puto1
700 1562 766 1605 non
782 1540 951 1623 committi,
976 1541 1105 1606 sidicat

96 1629 135 1692 ad
168 1627 305 1691 iudicem
338 1627 376 1690 de
407 1628 467 1691 hoe
496 1628 634 1692 eundum
662 1628 713 1692 vel
740 1629 772 1691 in
803 1651 835 1692 se
864 1630 914 1692 vel
943 1630 978 1693 in
1007 1629 1104 1694 alium

97 1715 435 1798 compromittendum.
471 1738 545 1779 nam
561 1721 593 1780 et
606 1716 752 1780 Iulianus
767 1716 897 1799 impune
912 1739 978 1781 non
993 1717 1104 1802 pareri,

97 1806 124 1868 si
143 1805 253 1868 iubeat
273 1804 313 1867 ad
333 1803 432 1868 alium
447 1805 604 1868 arbitrum
619 1807 673 1887 ire,
691 1827 731 1868 ne
746 1805 818 1869 finis
836 1815 902 1868 non
917 1805 970 1870 sit.
1009 1805 1105 1890 [quod

97 1893 124 1957 si
146 1893 208 1958 hoe
231 1893 325 1956 modo
351 1892 477 1972 dixerit,
499 1897 537 1957 ut
560 1894 693 1957 arbitrio
717 1893 827 1957 Publii
849 1893 968 1958 Maevii
991 1894 1104 1959 fundus

95 1983 276 2046 traderetur
284 1985 340 2045 aut
350 1980 519 2046 satisdatio
529 1982 813 2065 detur,parendum
824 2004 894 2048 esse
904 1984 1103 2064 sententiaa]

99 2071 184 2135 idem
203 2069 320 2133 Pedius
343 2068 490 2154 probat²t
516 2092 555 2133 ne
579 2076 801 2156 propagentur
825 2071 971 2154 arbitria,
995 2076 1052 2135 aut
1073 2072 1104 2135 in

97 2159 177 2223 alios
205 2158 367 2222 interdum
395 2158 543 2222 inimicos
572 2161 736 2243 agentium
767 2159 1017 2243 transferantur,
1052 2181 1104 2224 sua

100 2247 263 2311 sententia
286 2247 382 2310 finem
407 2249 646 2312 controversiae
670 2270 741 2310 eum
765 2251 929 2332 imponere
949 2253 1104 2332 oportere3

96 2359 162 2402 non
195 2340 302 2399 autem
333 2335 420 2398 finiri
453 2337 719 2414 controversiam,
752 2358 824 2400 oum
859 2341 915 2400 aut
943 2336 1105 2402 differatur

98 2425 270 2489 arbitrium
299 2432 354 2488 aut
382 2425 416 2487 in
444 2426 542 2488 alium
570 2425 798 2506 transferatur3
827 2430 1016 2509 partemque
1040 2447 1103 2490 sen·

96 2516 220 2578 tentiae
253 2534 336 2594 esse,
369 2513 638 2596 quemadmodum
671 2514 857 2597 satisdator,
890 2515 1007 2598 quibus
1035 2515 1103 2578 fide-

96 2601 288 2685 iussoribus,
326 2601 421 2684 idque
458 2601 600 2684 delegari
636 2623 701 2666 non
738 2623 831 2685 posse
865 2602 942 2684 [nisi
976 2603 1016 2667 ad
1048 2603 1104 2667 hoo

100 2691 369 2774 compromissum
389 2689 441 2766 sit,
462 2694 496 2753 ut
515 2691 636 2754 arbiter
655 2693 820 2770 statueret,
839 2685 929 2754 ouius
950 2691 1104 2756 arbitratu

99 2775 359 2861 satisdaretur?].

188 2884 239 2948 19.
272 2882 351 2948 Ibid.
380 2884 472 2964 §20.
499 2920 541 2931 -
571 2883 697 2949 Arbitri
729 2885 834 2949 officio
864 2885 1050 2951 continetur
1076 2886 1104 2948 et

99 2973 368 3056 quemadmodum
392 2969 553 3037 tradetur⁸
576 2995 677 3037 vaeua
700 2974 871 3056 possessio.
909 2996 951 3037 an
975 2980 1008 3039 et
1030 2973 1103 3038 satis

98 3062 158 3143 <ut
195 3061 310 3144 detur>
344 3065 449 3125 ratam
482 3083 548 3124 rem
581 3061 789 3128 habiturum‘i
844 3061 959 3128 Sextus
993 3062 1103 3126 Pedius

99 3153 203 3235 putat,
222 3151 306 3234 quod
325 3151 448 3214 nullam
467 3150 622 3213 rationem
643 3151 754 3230 habet3
777 3173 853 3214 nam
873 3152 900 3215 si
919 3155 1026 3216 ratum
1045 3171 1103 3215 non

98 3239 218 3303 habeat
242 3238 404 3321 dominus,
428 3239 650 3301 committetur
673 3240 848 3323 stipulatio.

171 3419 185 3465 1
206 3412 255 3468 Fr.
273 3411 311 3464 sit
330 3413 358 3464 et
375 3412 443 3478 puto
463 3426 536 3465 vero.

172 3488 187 3535 2
210 3485 361 3537 Mommsen
378 3483 462 3536 scribi
479 3483 564 3536 iubet:
585 3481 686 3536 Pedius
705 3483 734 3536 id
752 3483 904 3552 improbat.

170 3559 186 3605 3
206 3553 251 3608 Fi.
271 3551 359 3608 detur.
