2422 3976
92 201 157 266 392
194 201 227 256 V.
246 199 397 255 NERVAE
416 198 463 254 ΕΤ
480 196 633 253 TRAIANI
651 196 759 253 ΤΕΜΡ.
777 195 875 252 rums
894 196 1076 254 consum

519 416 570 480 De
591 416 677 480 rivis.

182 540 233 606 60.
256 541 296 607 D.
310 541 362 622 43,
377 541 429 622 21,
444 542 474 623 3,
490 541 519 607 6.
556 539 713 624 Ulpianus
736 538 820 603 libro
841 540 1103 624 septuagensimo

93 629 133 694 ad
158 629 296 695 edictum
320 628 371 713 (P.
387 627 496 716 1584).
523 666 561 676 -
586 629 699 693 Aristo
723 627 817 692 etde
841 627 991 693 cuniculo
1015 630 1101 693 resti-

92 718 222 802 tuendo,
244 741 302 803 per
325 739 420 802 quem
439 740 540 801 vapor
557 717 707 801 trahitur,
729 717 764 782 in
782 716 960 781 balneariis
980 718 1100 802 vapori·

93 808 152 873 bus
171 811 268 891 putat
286 807 398 871 utilem
419 808 579 872 actionem
598 808 793 889 competere3
813 809 847 870 et
861 804 925 870 erit
939 805 1099 871 dicendum

93 897 171 961 utile
189 896 397 962 interdictum
415 891 474 983 (sc.
494 897 532 960 de
550 891 643 979 rivis)
663 917 702 959 ex
719 894 781 959 hac
800 915 896 959 rausa
915 899 1098 981 competere.

182 1008 220 1068 cf.
246 1007 282 1066 D.
303 1010 331 1086 8,
351 1009 380 1084 5,
400 1009 429 1086 8,
450 1011 478 1066 7.
523 1007 670 1083 Ulpianus
700 1006 720 1066 l.
742 1005 831 1065 XVII
859 1007 897 1065 ad
927 1007 973 1066 ed.
1024 1005 1098 1066 Idem

92 1090 148 1180 (so.
172 1088 370 1176 Pomponius)
470 1099 502 1156 et
528 1096 560 1154 in
587 1095 712 1155 balineis
741 1087 855 1176 (potius
876 1087 1053 1176 balneariis)
1073 1139 1096 1154 ..

92 1186 255 1262 vaporibus
274 1205 343 1245 cum
362 1184 509 1256 Quintilla
527 1184 698 1245 cuniculum
715 1186 891 1263 pergentem
909 1185 942 1244 in
960 1184 1031 1244 Ursi
1046 1181 1096 1242 Iuli

92 1275 298 1353 instruxisset,
321 1274 435 1350 placuit
457 1274 591 1351 potuisse
613 1273 691 1333 tales
715 1273 876 1333 servitutes
899 1273 1023 1349 imponi.

438 1446 526 1528 occo
546 1446 578 1511 oi
599 1450 656 1511 out
676 1445 765 1511 elom.

183 1571 235 1636 61.
258 1570 297 1635 D.
311 1571 364 1655 43,
379 1570 431 1655 24,
447 1571 476 1651 1,
491 1572 522 1637 8.
562 1569 721 1653 Ulpianus
740 1569 824 1634 libro
843 1569 1090 1656 septuagensimo

94 1659 199 1743 primo
232 1659 271 1724 ad
301 1661 440 1725 edictum
468 1656 518 1746 (P.
539 1657 648 1744 1592).
675 1695 720 1706 —
748 1657 932 1725 ...Aristo
959 1659 1007 1725 ait
1032 1675 1089 1722 eum

95 1769 223 1832 quoque
250 1748 282 1812 vi
309 1747 429 1832 facere,
458 1749 526 1832 qui,
553 1769 627 1812 cum
655 1749 751 1813 sciret
774 1769 808 1812 se
830 1742 1087 1832 prohibitumiri,

94 1857 152 1921 per
175 1837 239 1900 vim
263 1837 397 1902 molitus
423 1841 484 1919 eet,
507 1858 548 1900 ne
571 1836 735 1920 prohiberi
758 1837 870 1920 possit.

184 1925 249 1990 cra
272 1925 311 1990 n.
322 1927 375 2010 43,
390 1926 441 2009 24,
456 1926 485 2007 3,
501 1927 577 2009 ra
596 1926 649 2008 43,
664 1925 807 2010 respa
843 1924 1003 2008 Ulpianus
1021 1922 1087 1988 urm
1126 1864 1129 1933 ³

295 2014 302 2028 ·
425 2015 431 2027 ·
615 2013 622 2026 ·
884 2011 899 2049 o

82 2018 486 2169 tttttttttttt
511 2011 1087 2188 ttttttfttttttuttt

96 2194 216 2257 sarium
253 2214 356 2277 neque
391 2193 420 2255 ei
453 2191 668 2274 denuntiavit,
706 2191 734 2255 si
765 2192 861 2256 modo
893 2193 1006 2257 timuit
1035 2188 1086 2253 eiu
1127 2244 1129 2249 .

96 2281 349 2346 controversiam
370 2286 426 2345 aut
445 2280 556 2344 debuit
575 2280 696 2345 timere.
739 2280 823 2345 idem
845 2278 974 2365 (itemt)
994 2277 1085 2344 Aristo
1126 2252 1129 2355 l

95 2374 189 2453 putat
221 2392 293 2434 eum
327 2391 454 2454 quoque
486 2370 569 2433 olam
602 2369 720 2452 facere,
753 2369 808 2455 qui
841 2369 968 2433 celandi
998 2366 1085 2433 animo
1127 2368 1129 2381 '

95 2457 199 2523 oaoetl
228 2481 312 2542 eum,
342 2480 436 2544 quem
464 2457 703 2541 prohibiturum
732 2479 766 2521 se
793 2458 991 2522 intellexerit
1016 2459 1044 2520 et
1062 2447 1085 2513 id

96 2548 259 2612 existimat
293 2550 349 2611 aut
382 2547 565 2610 existimare
598 2546 694 2610 debet
726 2567 760 2609 se
793 2547 994 2629 prohibitum
1023 2531 1083 2620 iri-l

96 2640 152 2699 aut
174 2637 229 2719 qui
248 2636 343 2700 aliter
362 2635 448 2718 fecit,
472 2657 568 2719 quam
589 2635 805 2718 denuntiarit,
828 2634 879 2698 vel
898 2635 955 2719 qui
974 2630 1083 2714 decepto

95 2724 176 2787 facit
204 2746 255 2806 eo,
286 2725 325 2789 ad
354 2746 448 2808 quem
475 2724 633 2806 pertinuit
659 2745 724 2788 non
751 2719 853 2805 fieril,
880 2725 934 2788 rel
962 2718 1083 2789 consulto

96 2815 165 2875 tum
199 2813 368 2877 denuntiat
396 2813 594 2896 adversario,
627 2834 699 2876 eum
729 2833 801 2876 eum
830 2812 892 2877 scit
919 2834 986 2877 non
1010 2821 1083 2895 posse

96 2900 280 2985 prohibere,
310 2903 361 2966 vel
389 2905 457 2965 tam
481 2922 552 2965 sero
577 2900 781 2984 pronuntiat,
809 2906 846 2965 ut
870 2902 978 2966 venire
1000 2890 1082 2983 prohi·

97 2988 235 3071 bitume,
267 2990 356 3074 prius
390 3012 486 3074 quam
516 2991 586 3073 fiat,
617 3011 684 3054 non
716 2987 829 3073 possit.
886 2994 919 3054 et
950 2990 1024 3054 baec
1048 2982 1081 3045 ill

95 3075 281 3142 Labeonem
304 3079 441 3162 probare
466 3079 576 3142 Aristo
602 3080 656 3143 ait.

186 3168 237 3233 63.
275 3168 312 3230 D.
337 3167 389 3252 43,
412 3168 465 3250 24,
491 3170 540 3245 11,
567 3169 616 3231 11.
669 3165 829 3250 Ulpianus
864 3167 949 3232 libro
980 3165 1080 3248 septufl·

96 3257 244 3340 gensimo
277 3255 380 3339 primo
415 3257 454 3319 ad
487 3256 627 3320 edictum
662 3254 711 3340 (P.
733 3255 841 3340 1597).
875 3293 913 3302 —
949 3255 1078 3320 Aristo·

97 3345 210 3410 scribit
228 3368 293 3410 non
311 3342 541 3431 <omnimodo>
559 3345 740 3429 possessori
754 3365 823 3408 esse
839 3339 1078 3409 denuntiandum

169 3507 182 3554 1
203 3501 249 3556 Fr.
269 3500 362 3555 habet.

168 3577 183 3625 2
205 3571 251 3626 Fr.
271 3571 370 3626 facere.
