2422 3976
239 198 260 252 1.
279 195 455 251 vnTsnmr
474 194 702 251 SENTENTIAE
722 197 768 250 ΕΤ
787 195 891 251 LIBRI.
1006 197 1071 262 515

53 359 188 425 debitor
228 359 397 443 pecuniam
437 360 548 437 solvit,
591 359 759 443 utriusque
796 358 1069 425 demonstratione

55 451 210 515 cessante
240 448 348 531 potior
380 448 553 513 habebitur
582 468 683 512 causa
711 447 780 511 eius
806 449 962 531 pecuniae
990 471 1071 533 quae

55 538 117 603 sub
141 534 279 602 infamia
301 535 443 617 debetur,
466 559 542 601 mox
565 536 633 600 eius
657 557 739 619 quae
757 557 895 620 poenam
919 539 1070 620 continet,

54 625 155 691 tertio
186 646 269 712 quae
297 625 357 690 sub
380 624 565 710 hypotheca
587 624 638 688 vel
666 624 798 707 pignore
822 629 989 690 eontracta
1013 630 1070 693 est

55 718 131 799 post
162 714 250 779 hunc
282 713 426 778 ordinem
458 715 565 798 potior
596 712 769 777 habebitur
804 714 937 798 propria
973 737 1070 799 quam

58 804 165 868 aliena
179 824 286 885 cansa,
299 802 400 867 veluti
412 801 621 880 fideiussoris,
636 802 720 885 quod
736 806 859 866 veteres
873 803 945 867 ideo
964 803 1071 867 defini-

58 895 158 975 erunt,
190 889 277 975 quod
299 891 472 955 verisimile
497 889 659 954 videretur
682 890 869 975 diligentem
891 892 1070 956 debitorem

57 980 261 1045 admonitum
284 979 332 1044 ita
351 980 519 1064 negotium
542 1001 635 1043 suum
659 982 825 1063 gesturum
847 980 955 1047 fuisse.

288 1164 338 1230 De
359 1165 548 1247 adquirendo
570 1184 675 1228 rerem
697 1166 841 1230 dominio.

146 1288 198 1356 53.
222 1288 261 1355 D.
279 1290 333 1374 41,
351 1290 381 1374 2,
407 1291 434 1373 1,
456 1289 505 1355 16.
537 1288 657 1353 Paulus
676 1288 758 1352 libro
778 1289 1069 1376 quinquagensimo

60 1381 175 1459 quarto
203 1378 243 1443 ad
271 1380 419 1443 edictum
445 1415 483 1481 ,—
509 1377 645 1480 Yeteres
669 1382 864 1479 putaverunt
885 1401 953 1482 non
974 1403 1069 1464 posse

59 1487 334 1622 ddieditradiedvum
348 1466 579 1531 heredrtarrum
590 1466 766 1549 adquirere,
780 1467 864 1550 quod
875 1470 1069 1535 s1te1usdem

302 1705 352 1771 De
368 1707 559 1790 possessione
579 1710 610 1770 et
630 1707 825 1789 sampsone.

143 1830 198 1897 54.
243 1829 283 1897 Ι).
305 1830 356 1911 41,
381 1830 411 1913 2,
439 1831 469 1909 3,
499 1832 548 1896 18.
588 1829 707 1894 Paulus
736 1831 820 1895 libro
848 1831 1065 1917 quinquagen-

54 1918 139 1985 simo
168 1923 282 2003 quarto
311 1918 351 1982 ad
379 1919 526 1984 edietum.
562 1955 599 1966 -
635 1917 669 1983 Si
701 1941 769 1983 rem
797 1919 882 2003 apud
911 1924 944 1984 te
972 1921 1067 2005 depo·

53 2008 154 2073 sitam
176 2008 257 2072 furti
278 2006 419 2073 faciendi
437 2030 535 2072 eausa
553 2007 811 2091 contrectaveris,
834 2008 946 2072 desino
965 2011 1068 2091 possi·

53 2096 138 2161 dere.
194 2096 250 2162 sed
288 2096 316 2160 si
353 2118 423 2162 eam
460 2097 532 2161 loco
569 2118 635 2160 non
667 2095 805 2160 moveris
837 2099 869 2159 et
905 2097 1067 2162 infitiandi

53 2185 201 2251 animum
233 2184 362 2269 habeas,
394 2185 536 2268 plerique
570 2190 715 2249 veterum
749 2185 1067 2268 ...responderunt

52 2294 277 2359 possessorem
300 2296 350 2338 me
374 2294 513 2338 manere.
528 2323 558 2338 ..

143 2384 431 2463 ofisswapem

144 2502 211 2570 55.
238 2503 279 2568 D.
297 2503 372 2569 ibid.
395 2504 486 2585 §le
502 2541 543 2550 -
581 2507 725 2570 ,tave
710 2503 832 2568 teribus
855 2507 1065 2586 praeceptum

57 2591 523 2677 est,nemine1nsibi1psum
549 2614 680 2657 causam
703 2593 916 2675 possessionis
940 2596 1064 2657 mutare

117 2702 162 2747 se.

57 2702 117 2767 ¹³⁰⁶
144 2793 213 2862 55b.
240 2793 279 2860 D.
307 2796 360 2880 41,
388 2797 422 2879 2,
457 2797 506 2879 19,
540 2798 567 2860 1.
614 2793 786 2859 Marcellus
813 2794 897 2859 libro
926 2795 1063 2880 septimo

57 2884 184 2951 decimo
211 2884 430 2970 Digestorum.
456 2922 493 2930 -
520 2933 550 2948 ..
574 2884 730 2968 scriptum
758 2886 808 2947 est
834 2883 918 2968 apud
941 2889 1065 2950 veteres

56 2973 221 3041 neminem
243 2972 307 3037 sibi
330 2995 460 3039 causam
483 2973 696 3058 possessionis
719 2992 813 3056 posse
836 2975 971 3039 mutare.

468 3159 518 3225 De
539 3161 654 3225 itinere.

144 3282 198 3349 56.
231 3281 270 3349 D.
301 3284 354 3368 43,
387 3284 438 3365 19,
469 3284 491 3347 4
521 3305 569 3368 pr.
625 3281 802 3348 Venuleius
838 3283 921 3347 libro
957 3281 1063 3365 primo

55 3370 315 3439 Interdictorum.
345 3408 382 3418 —
413 3371 547 3436 Veteres
578 3371 770 3436 nominatim
803 3371 997 3454 adiciebant,
1030 3375 1067 3435 ut

55 3482 95 3525 ea
126 3482 268 3548 qaoque,
298 3482 380 3544 quae
413 3461 452 3524 ad
486 3461 695 3526 refectionem
728 3461 821 3525 utilia
852 3463 974 3543 essent,
1011 3461 1066 3524 ad·

56 3551 202 3634 portanti
224 3549 274 3615 ris
295 3571 362 3614 non
384 3550 484 3614 fieret.

809 3653 865 3688 uua
