2422 3976
98 177 140 240 12
167 176 215 231 III.
230 175 305 230 GAlI
320 175 466 231 CLAUDII
478 175 613 230 NERON.
624 175 768 230 GALBAE
778 174 993 231 Tallawffls
1003 176 1106 234 CONS.

186 344 305 404 Cassius
329 347 359 403 et
381 343 483 402 heredi
506 347 537 402 11
558 344 705 420 legatario
726 344 877 403 interdum
895 345 1109 406 remittendam

96 433 209 508 proprii
224 433 302 492 servi
316 431 545 490 manumittendi
557 433 766 492 necessitatem
781 432 971 510 existimavit,
985 433 1109 510 scilicet,

97 516 134 580 ‘si
161 523 210 581 rel
232 539 305 580 usus
327 525 391 579 tam
413 521 596 579 necessarius
620 525 712 598 esset,
735 524 770 580 ut
793 540 827 580 eo
851 540 951 581 carere
975 542 1035 583 non
1058 541 1109 582 ex·

96 610 224 685 pediret,
252 610 349 668 veluti
376 609 588 684 dispensatoris
615 609 819 688 paedagogice
851 611 1031 690 liberorum,
1059 615 1110 672 rel

96 702 216 758 tantum
257 698 337 756 servi
376 697 517 756 delictum
553 701 612 774 est,
648 701 683 757 ut
719 699 794 758 ultio
831 700 1012 759 remittenda
1047 720 1110 761 non

98 782 187 847 esset’
209 778 259 868 (D.
280 789 330 862 40,
352 789 381 857 5,
402 779 467 866 35).
508 788 587 862 quod
610 787 663 846 ille·
689 788 734 846 ita
756 787 898 865 decrevit,
924 807 1110 865 quamquam

96 877 177 935 iusta
214 894 305 935 causa
340 875 582 934 manumissionis
619 878 696 952 erat,
738 876 764 934 si
798 876 866 952 quis
898 876 1110 954 paedagogum

96 965 325 1024 manumitteret
373 965 423 1026 rel
473 982 592 1024 servum
636 965 783 1024 curatoris
832 964 962 1025 habendi
1007 966 1110 1042 gratia

98 1049 176 1133 (Gai.
198 1057 230 1128 1,
257 1056 311 1130 19,
338 1053 391 1112 ubi
417 1052 510 1112 verba
538 1046 751 1128 ‘procuratoris
778 1053 907 1113 habendi
929 1047 1042 1129 gratia'
1070 1053 1110 1113 ad

97 1143 332 1218 dispensatorem
364 1141 509 1217 imprimis
537 1141 676 1200 ridentur
708 1134 872 1223 spectare),
905 1161 939 1202 eo
967 1143 1109 1218 pertinet,

97 1232 177 1307 quod
204 1234 276 1291 tunc
303 1249 423 1304 vernas,
451 1248 488 1288 ex
513 1249 639 1307 quorum
661 1232 698 1289 ut
720 1230 961 1290 fidelissimorum
983 1249 1109 1291 numero

97 1321 317 1397 dispensatores
353 1320 403 1380 rel
437 1319 629 1397 paedagogos
666 1319 738 1397 eligi
770 1323 1003 1380 consentaneum
1035 1323 1110 1399 erat,

96 1409 248 1485 peregrini
280 1409 359 1467 servi
388 1426 511 1467 numero
538 1408 627 1485 longe
656 1408 850 1484 superabant,
882 1410 1110 1487 peregrinorum

97 1501 198 1557 autem
230 1496 365 1574 nequitia
398 1514 466 1555 cum
494 1496 657 1556 severitate
684 1497 846 1556 coercenda
874 1500 951 1572 erat3
985 1516 1046 1572 qua
1073 1497 1109 1557 de

96 1586 232 1662 nequitia
261 1605 289 1644 v.
312 1585 523 1643 Friedlaender
545 1585 562 1644 I
583 1606 612 1661 p.
629 1586 718 1661 74sq.
764 1587 828 1660 ipse
851 1589 954 1644 antem
977 1583 1109 1660 Cassius,

96 1675 149 1750 qui
180 1673 364 1732 familiarum
394 1691 492 1732 mores
523 1673 577 1732 illa
608 1676 707 1733 aetate
738 1675 861 1746 fuerint,
895 1674 1029 1734 oratione
1056 1675 1110 1734 illa

96 1763 127 1821 in
167 1765 272 1820 senatu
308 1761 412 1820 habita
449 1761 590 1837 explicat:
637 1755 810 1838 ‘postquam
838 1809 844 1822 .
869 1809 875 1821 .
902 1761 1040 1822 nationes
1077 1764 1109 1822 in

96 1850 219 1910 familiis
241 1850 401 1926 habemus,
425 1849 534 1926 quibus
558 1850 668 1910 diversi
690 1851 775 1927 ritus,
799 1854 923 1910 externa
946 1869 1032 1910 sacra
1055 1855 1110 1912 aut

95 1941 179 1998 nulla
211 1942 295 2016 sunt,
328 1939 487 1998 colluviem
518 1939 609 1998 istam
640 1957 700 1997 non
731 1939 791 1998 nisi
817 1943 901 1998 metu
928 1933 1107 2000 coercueris’

96 2021 181 2110 (Tac.
201 2047 267 2087 ann.
288 2031 339 2104 14,
359 2020 425 2107 44).
471 2027 573 2102 itaque
602 2046 671 2086 oum
693 2029 871 2088 manumissi
891 2047 989 2104 poena
1012 2029 1109 2090 levior

97 2121 175 2176 esset
195 2136 284 2192 quam
303 2116 391 2192 servi,
410 2116 447 2175 ab
466 2116 573 2174 herede
592 2116 640 2176 rel
662 2117 808 2194 legatario
828 2117 983 2177 testatoris
1001 2119 1108 2179 volun-

96 2208 191 2264 tatem
227 2204 347 2282 neglegi
384 2224 474 2280 qnam
511 2205 643 2263 debitam
674 2205 820 2265 ultionem
852 2206 967 2265 remitti
998 2207 1110 2266 maluit

96 2295 199 2354 eadem
222 2313 297 2353 usus
320 2293 480 2369 gravitate,
502 2312 563 2368 qua
585 2311 611 2351 1.
627 2296 677 2367 61,
701 2313 768 2353 cum
782 2294 930 2353 Pedanius
954 2293 1108 2355 Secundus

96 2383 134 2443 ab
157 2383 253 2460 ipsius
277 2401 362 2443 servo
380 2382 558 2441 interfectus
578 2384 664 2459 esset,
686 2383 774 2458 plebe
794 2383 902 2442 acriter
919 2385 1109 2460 repugnante

97 2476 127 2531 et
151 2473 329 2550 quibusdam
351 2471 485 2546 ipsorum
505 2474 627 2545 patrum
652 2471 691 2530 ad
711 2471 869 2530 lenitatem
892 2472 1108 2531 inclinantibus

96 2562 256 2620 severitate
279 2560 424 2619 utendum
447 2577 512 2619 esse
531 2559 655 2638 censuit,
678 2579 746 2619 cum
764 2560 889 2619 diceret:
914 2553 1039 2633 ε1111111,
1062 2560 1108 2619 in·

97 2650 175 2726 quit,
204 2643 330 2725 ‘aliquid
354 2667 390 2706 ex
411 2647 514 2724 iniquo
539 2667 624 2708 omne
650 2667 791 2726 magnum
816 2649 998 2724 exemplum,
1026 2648 1109 2724 quod

96 2741 201 2798 contra
211 2738 344 2812 singulos
354 2736 488 2795 utilitate
498 2737 618 2812 publica
626 2731 809 2812 rependitur’
819 2729 1108 2818 (Tac.cnn.14,44).

183 2825 288 2902 Aeque
310 2828 402 2901 atque
425 2824 551 2885 Sabinus
577 2821 658 2906 (111
683 2847 711 2902 p.
727 2818 807 2906 322)
830 2829 966 2885 veterum
989 2845 1109 2886 morum

96 2916 233 2975 defensor
269 2917 360 2990 atque
399 2914 496 2973 cultor
532 2915 599 2974 fuit.
631 2935 701 2973 nam
737 2917 773 2974 ut
805 2914 927 2973 Tacitus
968 2912 1109 2973 Cassium

94 3004 126 3062 in
150 3006 258 3062 senatu
279 3003 354 3061 haec
377 3002 486 3061 dixisse
508 3003 617 3062 tradit:
645 2997 884 3079 saepenumero,
912 3005 1013 3078 patres
1038 3021 1107 3062 con·
1159 3001 1161 3007 ’

96 3092 213 3169 scripti,
241 3092 272 3149 in
299 3091 356 3151 hoc
383 3091 486 3151 ordine
513 3092 651 3168 interfui,
679 3109 748 3150 cum
776 3095 880 3151 contra
907 3091 1049 3151 instituta
1077 3094 1109 3150 et

94 3183 176 3259 leges
199 3180 348 3238 maiorum
372 3199 451 3241 nova
470 3184 591 3241 senatus
610 3182 729 3239 decreta
746 3181 987 3255 postularentur3
1010 3199 1108 3256 neque

95 3289 161 3329 sum
198 3269 387 3344 aduersatus,
429 3289 489 3329 non
526 3270 596 3346 quia
633 3269 803 3328 dubitarem
840 3287 930 3345 super
968 3269 1107 3328 omnibus

94 3359 224 3434 negotiis
248 3359 353 3417 melius
378 3361 468 3435 atque
492 3358 602 3418 rectius
626 3357 698 3416 olim
720 3359 874 3433 provisum
892 3361 923 3417 et
941 3375 1019 3434 quae
1038 3376 1106 3418 con·

94 3450 297 3522 verterentur,
332 3447 365 3507 in
401 3446 533 3506 deterius
564 3447 690 3522 mutari,
728 3447 780 3505 sed
811 3465 848 3505 ne
880 3446 972 3506 nimio
1005 3464 1107 3507 amore

95 3536 213 3612 antiqui
245 3535 336 3595 moris
367 3536 501 3595 studium
530 3554 631 3594 meum
658 3535 800 3594 extollere
826 3529 969 3612 riderer',
999 3534 1046 3594 ita
1075 3533 1107 3593 in
