<?xml version="1.0" encoding="UTF-8"?>
<!DOCTYPE html PUBLIC "-//W3C//DTD XHTML 1.0 Transitional//EN"
    "http://www.w3.org/TR/xhtml1/DTD/xhtml1-transitional.dtd">
<html xmlns="http://www.w3.org/1999/xhtml" xml:lang="en" lang="en">
 <head>
  <title>
</title>
<meta http-equiv="Content-Type" content="text/html;charset=utf-8" />
  <meta name='ocr-system' content='tesseract 3.04.00' />
  <meta name='ocr-capabilities' content='ocr_page ocr_carea ocr_par ocr_line ocrx_word'/>
</head>
<body>
  <div class='ocr_page' id='page_1' title='image "./iurisprudentiae01bremgoog_0210.png"; bbox 0 0 2422 3976; ppageno 0'>
   <div class='ocr_carea' id='block_1_1' title="bbox 429 164 1105 229">
    <p class='ocr_par' dir='ltr' id='par_1_1' title="bbox 429 164 1105 229">
     <span class='ocr_line' id='line_1_1' title="bbox 429 164 1105 229; baseline 0.013 -9"><span class='ocrx_word' id='word_1_1' title='bbox 429 170 454 222; x_wconf 87' lang='grc'>8.</span> <span class='ocrx_word' id='word_1_2' title='bbox 474 164 627 220; x_wconf 81' lang='lat' dir='ltr'>URSEIUS</span> <span class='ocrx_word' id='word_1_3' title='bbox 645 164 768 221; x_wconf 81' lang='lat' dir='ltr'><strong>FEROX</strong></span> <span class='ocrx_word' id='word_1_4' title='bbox 1042 164 1105 229; x_wconf 79' lang='lat'>175</span> 
     </span>
    </p>
   </div>
   <div class='ocr_carea' id='block_1_2' title="bbox 115 330 1108 502">
    <p class='ocr_par' dir='ltr' id='par_1_2' title="bbox 115 330 1108 502">
     <span class='ocr_line' id='line_1_2' title="bbox 115 330 1108 412; baseline -0.001 -18"><span class='ocrx_word' id='word_1_5' title='bbox 115 330 263 412; x_wconf 70' lang='lat' dir='ltr'>tegmento</span> <span class='ocrx_word' id='word_1_6' title='bbox 295 333 457 394; x_wconf 84' lang='lat' dir='ltr'>secundum</span> <span class='ocrx_word' id='word_1_7' title='bbox 488 333 599 393; x_wconf 83' lang='lat' dir='ltr'>Iuliani</span> <span class='ocrx_word' id='word_1_8' title='bbox 629 332 776 393; x_wconf 89' lang='lat' dir='ltr'>librorum</span> <span class='ocrx_word' id='word_1_9' title='bbox 806 333 956 411; x_wconf 82' lang='lat' dir='ltr'><strong>ordinem,</strong></span> <span class='ocrx_word' id='word_1_10' title='bbox 988 334 1108 410; x_wconf 79' lang='lat' dir='ltr'>qualem</span> 
     </span>
     <span class='ocr_line' id='line_1_3' title="bbox 115 420 863 502; baseline 0.004 -24"><span class='ocrx_word' id='word_1_11' title='bbox 115 437 187 497; x_wconf 77' lang='lat' dir='ltr'>supro</span> <span class='ocrx_word' id='word_1_12' title='bbox 207 423 359 502; x_wconf 79' lang='lat' dir='ltr'>proposui,</span> <span class='ocrx_word' id='word_1_13' title='bbox 382 422 521 482; x_wconf 84' lang='lat' dir='ltr'>exhibere</span> <span class='ocrx_word' id='word_1_14' title='bbox 544 422 684 481; x_wconf 86' lang='lat' dir='ltr'>idoneum</span> <span class='ocrx_word' id='word_1_15' title='bbox 707 420 835 483; x_wconf 80' lang='lat' dir='ltr'>ridetur.</span> <span class='ocrx_word' id='word_1_16' title='bbox 860 481 863 487; x_wconf 82' lang='grc'><strong>,</strong></span> 
     </span>
    </p>
   </div>
   <div class='ocr_carea' id='block_1_3' title="bbox 487 554 716 660">
    <p class='ocr_par' dir='ltr' id='par_1_3' title="bbox 487 554 716 660">
     <span class='ocr_line' id='line_1_4' title="bbox 487 554 716 660; baseline 0.004 -2"><span class='ocrx_word' id='word_1_17' title='bbox 487 554 597 660; x_wconf 71' lang='lat' dir='ltr'>moer</span> <span class='ocrx_word' id='word_1_18' title='bbox 619 599 716 659; x_wconf 80' lang='lat' dir='ltr'>r-x.</span> 
     </span>
    </p>
   </div>
   <div class='ocr_carea' id='block_1_4' title="bbox 186 708 1108 903">
    <p class='ocr_par' dir='ltr' id='par_1_4' title="bbox 186 708 1108 903">
     <span class='ocr_line' id='line_1_5' title="bbox 469 708 736 775; baseline 0 0"><span class='ocrx_word' id='word_1_19' title='bbox 469 708 520 775; x_wconf 86' lang='lat' dir='ltr'>De</span> <span class='ocrx_word' id='word_1_20' title='bbox 542 711 736 775; x_wconf 74' lang='lat' dir='ltr'>testamentis.</span> 
     </span>
     <span class='ocr_line' id='line_1_6' title="bbox 186 812 1108 903; baseline 0 -22"><span class='ocrx_word' id='word_1_21' title='bbox 186 816 229 882; x_wconf 77' lang='lat'>1?</span> <span class='ocrx_word' id='word_1_22' title='bbox 251 815 292 882; x_wconf 99' lang='lat' dir='ltr'>D.</span> <span class='ocrx_word' id='word_1_23' title='bbox 306 816 358 899; x_wconf 84' lang='lat'>29,</span> <span class='ocrx_word' id='word_1_24' title='bbox 372 816 403 898; x_wconf 80' lang='lat'>2,</span> <span class='ocrx_word' id='word_1_25' title='bbox 417 815 471 902; x_wconf 82' lang='lat'>45,</span> <span class='ocrx_word' id='word_1_26' title='bbox 484 815 515 880; x_wconf 90' lang='grc'>4.</span> <span class='ocrx_word' id='word_1_27' title='bbox 546 814 637 880; x_wconf 87' lang='lat' dir='ltr'>Idem</span> <span class='ocrx_word' id='word_1_28' title='bbox 655 812 888 903; x_wconf 62' lang='lat' dir='ltr'>(scilulianus)</span> <span class='ocrx_word' id='word_1_29' title='bbox 902 815 985 882; x_wconf 88' lang='lat' dir='ltr'>libro</span> <span class='ocrx_word' id='word_1_30' title='bbox 1003 815 1108 900; x_wconf 90' lang='lat' dir='ltr'>primo</span> 
     </span>
    </p>
   </div>
   <div class='ocr_carea' id='block_1_5' title="bbox 105 902 1110 1430">
    <p class='ocr_par' dir='ltr' id='par_1_5' title="bbox 108 902 1110 1236">
     <span class='ocr_line' id='line_1_7' title="bbox 112 902 1109 991; baseline 0 -23"><span class='ocrx_word' id='word_1_31' title='bbox 112 903 142 968; x_wconf 80' lang='lat' dir='ltr'>sd</span> <span class='ocrx_word' id='word_1_32' title='bbox 167 903 317 972; x_wconf 88' lang='lat' dir='ltr'>Urseium</span> <span class='ocrx_word' id='word_1_33' title='bbox 343 904 497 970; x_wconf 82' lang='lat' dir='ltr'>Ferocem</span> <span class='ocrx_word' id='word_1_34' title='bbox 525 902 574 991; x_wconf 87' lang='lat' dir='ltr'>(P.</span> <span class='ocrx_word' id='word_1_35' title='bbox 594 902 683 991; x_wconf 82' lang='lat'><strong>884).</strong></span> <span class='ocrx_word' id='word_1_36' title='bbox 715 941 752 950; x_wconf 92' lang='lat'><em>-</em></span> <span class='ocrx_word' id='word_1_37' title='bbox 783 927 884 970; x_wconf 80' lang='lat' dir='ltr'><strong>...a</strong></span> <span class='ocrx_word' id='word_1_38' title='bbox 916 904 1109 989; x_wconf 88' lang='lat' dir='ltr'>quibusdem</span> 
     </span>
     <span class='ocr_line' id='line_1_8' title="bbox 110 992 1110 1078; baseline 0.001 -23"><span class='ocrx_word' id='word_1_39' title='bbox 110 995 315 1078; x_wconf 87' lang='lat' dir='ltr'>respondetur,</span> <span class='ocrx_word' id='word_1_40' title='bbox 335 994 364 1058; x_wconf 87' lang='lat' dir='ltr'>si</span> <span class='ocrx_word' id='word_1_41' title='bbox 383 993 466 1058; x_wconf 90' lang='lat' dir='ltr'>liber</span> <span class='ocrx_word' id='word_1_42' title='bbox 481 992 579 1059; x_wconf 92' lang='lat' dir='ltr'>homo</span> <span class='ocrx_word' id='word_1_43' title='bbox 594 993 649 1078; x_wconf 89' lang='lat' dir='ltr'>qui</span> <span class='ocrx_word' id='word_1_44' title='bbox 663 996 749 1058; x_wconf 87' lang='lat' dir='ltr'>bona</span> <span class='ocrx_word' id='word_1_45' title='bbox 763 993 826 1057; x_wconf 90' lang='lat' dir='ltr'>fide</span> <span class='ocrx_word' id='word_1_46' title='bbox 840 992 922 1057; x_wconf 91' lang='lat' dir='ltr'>mihi</span> <span class='ocrx_word' id='word_1_47' title='bbox 937 992 1110 1078; x_wconf 84' lang='lat' dir='ltr'>serviebat,</span> 
     </span>
     <span class='ocr_line' id='line_1_9' title="bbox 108 1081 1109 1168; baseline 0 -22"><span class='ocrx_word' id='word_1_48' title='bbox 108 1087 227 1168; x_wconf 90' lang='lat' dir='ltr'>propter</span> <span class='ocrx_word' id='word_1_49' title='bbox 250 1104 301 1147; x_wconf 91' lang='lat' dir='ltr'>me</span> <span class='ocrx_word' id='word_1_50' title='bbox 323 1082 417 1147; x_wconf 89' lang='lat' dir='ltr'>heres</span> <span class='ocrx_word' id='word_1_51' title='bbox 439 1081 608 1147; x_wconf 83' lang='lat' dir='ltr'>institutus</span> <span class='ocrx_word' id='word_1_52' title='bbox 628 1083 699 1168; x_wconf 88' lang='lat' dir='ltr'>erit,</span> <span class='ocrx_word' id='word_1_53' title='bbox 721 1103 817 1166; x_wconf 90' lang='lat' dir='ltr'>posse</span> <span class='ocrx_word' id='word_1_54' title='bbox 837 1103 909 1146; x_wconf 90' lang='lat' dir='ltr'>eum</span> <span class='ocrx_word' id='word_1_55' title='bbox 928 1081 1019 1146; x_wconf 87' lang='lat' dir='ltr'>iussu</span> <span class='ocrx_word' id='word_1_56' title='bbox 1037 1103 1109 1146; x_wconf 93' lang='lat' dir='ltr'>meo</span> 
     </span>
     <span class='ocr_line' id='line_1_10' title="bbox 108 1170 429 1236; baseline 0 0"><span class='ocrx_word' id='word_1_57' title='bbox 108 1170 184 1236; x_wconf 79' lang='lat' dir='ltr'>adire</span> <span class='ocrx_word' id='word_1_58' title='bbox 206 1171 429 1236; x_wconf 76' lang='lat' dir='ltr'>hereditatem.</span> 
     </span>
    </p>

    <p class='ocr_par' dir='ltr' id='par_1_6' title="bbox 105 1257 1110 1430">
     <span class='ocr_line' id='line_1_11' title="bbox 182 1257 1110 1343; baseline -0.001 -19"><span class='ocrx_word' id='word_1_59' title='bbox 182 1265 274 1343; x_wconf 86' lang='lat' dir='ltr'><strong>Apud</strong></span> <span class='ocrx_word' id='word_1_60' title='bbox 296 1264 448 1324; x_wconf 78' lang='lat' dir='ltr'>Iulianum</span> <span class='ocrx_word' id='word_1_61' title='bbox 472 1265 597 1341; x_wconf 84' lang='lat' dir='ltr'>legitur:</span> <span class='ocrx_word' id='word_1_62' title='bbox 626 1257 722 1342; x_wconf 71' lang='lat' dir='ltr'>‘quod</span> <span class='ocrx_word' id='word_1_63' title='bbox 745 1283 763 1324; x_wconf 81' lang='lat' dir='ltr'>c</span> <span class='ocrx_word' id='word_1_64' title='bbox 787 1264 966 1342; x_wconf 81' lang='lat' dir='ltr'>quibusdam</span> <span class='ocrx_word' id='word_1_65' title='bbox 989 1282 1110 1339; x_wconf 87' lang='lat' dir='ltr'>respon·</span> 
     </span>
     <span class='ocr_line' id='line_1_12' title="bbox 105 1346 1109 1430; baseline 0 -18"><span class='ocrx_word' id='word_1_66' title='bbox 105 1351 184 1414; x_wconf 88' lang='lat' dir='ltr'>detur</span> <span class='ocrx_word' id='word_1_67' title='bbox 282 1353 364 1415; x_wconf 82' lang='lat' dir='ltr'>odire</span> <span class='ocrx_word' id='word_1_68' title='bbox 387 1352 601 1430; x_wconf 77' lang='lat' dir='ltr'>hereditatem,</span> <span class='ocrx_word' id='word_1_69' title='bbox 627 1355 728 1430; x_wconf 90' lang='lat' dir='ltr'>potest</span> <span class='ocrx_word' id='word_1_70' title='bbox 750 1372 856 1414; x_wconf 87' lang='lat' dir='ltr'>verum</span> <span class='ocrx_word' id='word_1_71' title='bbox 878 1346 955 1413; x_wconf 88' lang='lat' dir='ltr'>esse&#39;</span> <span class='ocrx_word' id='word_1_72' title='bbox 979 1355 1009 1413; x_wconf 90' lang='lat' dir='ltr'>et</span> <span class='ocrx_word' id='word_1_73' title='bbox 1035 1373 1061 1430; x_wconf 90' lang='lat' dir='ltr'>q.</span> <span class='ocrx_word' id='word_1_74' title='bbox 1086 1373 1109 1412; x_wconf 94' lang='lat' dir='ltr'>s.</span> 
     </span>
    </p>
   </div>
   <div class='ocr_carea' id='block_1_6' title="bbox 407 1506 809 1592">
    <p class='ocr_par' dir='ltr' id='par_1_7' title="bbox 407 1506 809 1592">
     <span class='ocr_line' id='line_1_13' title="bbox 407 1506 809 1592; baseline -0.002 -19"><span class='ocrx_word' id='word_1_75' title='bbox 407 1506 458 1573; x_wconf 88' lang='lat' dir='ltr'>De</span> <span class='ocrx_word' id='word_1_76' title='bbox 480 1508 623 1592; x_wconf 67' lang='lat' dir='ltr'>(epitimio</span> <span class='ocrx_word' id='word_1_77' title='bbox 644 1507 809 1573; x_wconf 76' lang='lat' dir='ltr'>herodotus.</span> 
     </span>
    </p>
   </div>
   <div class='ocr_carea' id='block_1_7' title="bbox 96 1612 1113 3115">
    <p class='ocr_par' dir='ltr' id='par_1_8' title="bbox 97 1612 1111 2214">
     <span class='ocr_line' id='line_1_14' title="bbox 185 1612 1109 1699; baseline -0.002 -19"><span class='ocrx_word' id='word_1_78' title='bbox 185 1615 228 1682; x_wconf 71' lang='lat'>22</span> <span class='ocrx_word' id='word_1_79' title='bbox 252 1613 292 1680; x_wconf 93' lang='lat' dir='ltr'>D.</span> <span class='ocrx_word' id='word_1_80' title='bbox 306 1615 363 1697; x_wconf 88' lang='grc'>46,</span> <span class='ocrx_word' id='word_1_81' title='bbox 377 1616 407 1694; x_wconf 89' lang='grc'>3,</span> <span class='ocrx_word' id='word_1_82' title='bbox 422 1615 474 1680; x_wconf 89' lang='grc'>36.</span> <span class='ocrx_word' id='word_1_83' title='bbox 511 1613 656 1679; x_wconf 83' lang='lat' dir='ltr'>Iulianus</span> <span class='ocrx_word' id='word_1_84' title='bbox 675 1615 759 1680; x_wconf 91' lang='lat' dir='ltr'>libro</span> <span class='ocrx_word' id='word_1_85' title='bbox 778 1615 884 1699; x_wconf 86' lang='lat' dir='ltr'>primo</span> <span class='ocrx_word' id='word_1_86' title='bbox 904 1614 944 1678; x_wconf 83' lang='lat' dir='ltr'>ad</span> <span class='ocrx_word' id='word_1_87' title='bbox 958 1612 1109 1680; x_wconf 82' lang='lat' dir='ltr'>Urseium</span> 
     </span>
     <span class='ocr_line' id='line_1_15' title="bbox 99 1700 1110 1789; baseline -0.003 -19"><span class='ocrx_word' id='word_1_88' title='bbox 99 1703 251 1770; x_wconf 80' lang='lat' dir='ltr'>Ferocem</span> <span class='ocrx_word' id='word_1_89' title='bbox 275 1700 325 1789; x_wconf 91' lang='lat' dir='ltr'>(P.</span> <span class='ocrx_word' id='word_1_90' title='bbox 340 1700 429 1789; x_wconf 87' lang='grc'>886).</span> <span class='ocrx_word' id='word_1_91' title='bbox 452 1740 494 1750; x_wconf 89' lang='grc'>-</span> <span class='ocrx_word' id='word_1_92' title='bbox 519 1702 554 1768; x_wconf 84' lang='lat' dir='ltr'>Si</span> <span class='ocrx_word' id='word_1_93' title='bbox 579 1707 672 1787; x_wconf 83' lang='lat' dir='ltr'>pater</span> <span class='ocrx_word' id='word_1_94' title='bbox 694 1725 786 1768; x_wconf 88' lang='lat' dir='ltr'>meus</span> <span class='ocrx_word' id='word_1_95' title='bbox 809 1707 987 1789; x_wconf 81' lang='lat' dir='ltr'>praegnete</span> <span class='ocrx_word' id='word_1_96' title='bbox 1011 1724 1110 1768; x_wconf 88' lang='lat' dir='ltr'>uxore</span> 
     </span>
     <span class='ocr_line' id='line_1_16' title="bbox 100 1791 1110 1877; baseline -0.003 -18"><span class='ocrx_word' id='word_1_97' title='bbox 100 1795 212 1860; x_wconf 77' lang='lat' dir='ltr'>relicta</span> <span class='ocrx_word' id='word_1_98' title='bbox 240 1792 413 1857; x_wconf 71' lang='lat' dir='ltr'>decesserit</span> <span class='ocrx_word' id='word_1_99' title='bbox 441 1796 474 1856; x_wconf 92' lang='lat' dir='ltr'>et</span> <span class='ocrx_word' id='word_1_100' title='bbox 500 1813 539 1856; x_wconf 88' lang='lat' dir='ltr'>ex</span> <span class='ocrx_word' id='word_1_101' title='bbox 567 1814 665 1857; x_wconf 85' lang='lat' dir='ltr'>causa</span> <span class='ocrx_word' id='word_1_102' title='bbox 690 1791 887 1856; x_wconf 81' lang='lat' dir='ltr'>hereditoria</span> <span class='ocrx_word' id='word_1_103' title='bbox 909 1796 1016 1856; x_wconf 89' lang='lat' dir='ltr'>totum</span> <span class='ocrx_word' id='word_1_104' title='bbox 1039 1792 1110 1877; x_wconf 91' lang='lat' dir='ltr'>hoc,</span> 
     </span>
     <span class='ocr_line' id='line_1_17' title="bbox 99 1880 1110 1970; baseline -0.004 -22"><span class='ocrx_word' id='word_1_105' title='bbox 99 1883 184 1970; x_wconf 90' lang='lat' dir='ltr'>quod</span> <span class='ocrx_word' id='word_1_106' title='bbox 212 1882 300 1965; x_wconf 82' lang='lat' dir='ltr'>patri</span> <span class='ocrx_word' id='word_1_107' title='bbox 326 1902 398 1945; x_wconf 92' lang='lat' dir='ltr'>meo</span> <span class='ocrx_word' id='word_1_108' title='bbox 427 1880 572 1945; x_wconf 86' lang='lat' dir='ltr'>debitum</span> <span class='ocrx_word' id='word_1_109' title='bbox 598 1880 728 1964; x_wconf 83' lang='lat' dir='ltr'>fuisset,</span> <span class='ocrx_word' id='word_1_110' title='bbox 754 1881 922 1963; x_wconf 87' lang='lat' dir='ltr'>petissem,</span> <span class='ocrx_word' id='word_1_111' title='bbox 950 1881 1033 1945; x_wconf 90' lang='lat' dir='ltr'>nihil</span> <span class='ocrx_word' id='word_1_112' title='bbox 1061 1902 1110 1944; x_wconf 88' lang='lat' dir='ltr'>me</span> 
     </span>
     <span class='ocr_line' id='line_1_18' title="bbox 99 1967 1110 2054; baseline -0.003 -17"><span class='ocrx_word' id='word_1_113' title='bbox 99 1970 339 2054; x_wconf 87' lang='lat' dir='ltr'>consumpsisse</span> <span class='ocrx_word' id='word_1_114' title='bbox 368 1970 498 2053; x_wconf 80' lang='lat' dir='ltr'>quidem</span> <span class='ocrx_word' id='word_1_115' title='bbox 527 1967 728 2053; x_wconf 82' lang='lat' dir='ltr'>existimant,</span> <span class='ocrx_word' id='word_1_116' title='bbox 750 1967 800 2052; x_wconf 87' lang='lat' dir='ltr'>&lt;si</span> <span class='ocrx_word' id='word_1_117' title='bbox 823 1974 991 2054; x_wconf 77' lang='lat' dir='ltr'>postumus</span> <span class='ocrx_word' id='word_1_118' title='bbox 1015 1976 1110 2034; x_wconf 83' lang='lat' dir='ltr'>natus</span> 
     </span>
     <span class='ocr_line' id='line_1_19' title="bbox 98 2058 1111 2146; baseline -0.003 -20"><span class='ocrx_word' id='word_1_119' title='bbox 98 2061 175 2146; x_wconf 80' lang='lat' dir='ltr'>sit&gt;3</span> <span class='ocrx_word' id='word_1_120' title='bbox 197 2058 341 2124; x_wconf 86' lang='lat' dir='ltr'>sinemo</span> <span class='ocrx_word' id='word_1_121' title='bbox 360 2062 456 2123; x_wconf 85' lang='lat' dir='ltr'>natus</span> <span class='ocrx_word' id='word_1_122' title='bbox 476 2059 528 2142; x_wconf 89' lang='lat' dir='ltr'>sit,</span> <span class='ocrx_word' id='word_1_123' title='bbox 546 2062 632 2123; x_wconf 85' lang='lat' dir='ltr'>recte</span> <span class='ocrx_word' id='word_1_124' title='bbox 652 2080 702 2122; x_wconf 94' lang='lat' dir='ltr'>me</span> <span class='ocrx_word' id='word_1_125' title='bbox 722 2062 837 2143; x_wconf 86' lang='lat' dir='ltr'>egisse,</span> <span class='ocrx_word' id='word_1_126' title='bbox 856 2059 931 2143; x_wconf 79' lang='lat' dir='ltr'>quia</span> <span class='ocrx_word' id='word_1_127' title='bbox 949 2059 983 2121; x_wconf 88' lang='lat' dir='ltr'>in</span> <span class='ocrx_word' id='word_1_128' title='bbox 1002 2079 1111 2123; x_wconf 88' lang='lat' dir='ltr'>rerum</span> 
     </span>
     <span class='ocr_line' id='line_1_20' title="bbox 97 2146 1000 2214; baseline -0.004 0"><span class='ocrx_word' id='word_1_129' title='bbox 97 2153 218 2214; x_wconf 82' lang='lat' dir='ltr'>natura</span> <span class='ocrx_word' id='word_1_130' title='bbox 241 2168 352 2212; x_wconf 84' lang='lat' dir='ltr'>verum</span> <span class='ocrx_word' id='word_1_131' title='bbox 375 2147 491 2211; x_wconf 87' lang='lat' dir='ltr'>fuisset</span> <span class='ocrx_word' id='word_1_132' title='bbox 514 2168 565 2210; x_wconf 90' lang='lat' dir='ltr'>me</span> <span class='ocrx_word' id='word_1_133' title='bbox 588 2147 693 2211; x_wconf 88' lang='lat' dir='ltr'>solum</span> <span class='ocrx_word' id='word_1_134' title='bbox 716 2146 866 2211; x_wconf 87' lang='lat' dir='ltr'>heredem</span> <span class='ocrx_word' id='word_1_135' title='bbox 890 2146 1000 2210; x_wconf 89' lang='lat' dir='ltr'>fuisse.</span> 
     </span>
    </p>

    <p class='ocr_par' dir='ltr' id='par_1_9' title="bbox 96 2234 1113 3014">
     <span class='ocr_line' id='line_1_21' title="bbox 185 2234 1111 2317; baseline -0.002 -16"><span class='ocrx_word' id='word_1_136' title='bbox 185 2242 322 2301; x_wconf 83' lang='lat' dir='ltr'>Iulianus</span> <span class='ocrx_word' id='word_1_137' title='bbox 341 2242 440 2301; x_wconf 84' lang='lat' dir='ltr'>notat:</span> <span class='ocrx_word' id='word_1_138' title='bbox 460 2234 570 2301; x_wconf 70' lang='lat' dir='ltr'>‘verius</span> <span class='ocrx_word' id='word_1_139' title='bbox 589 2243 636 2300; x_wconf 90' lang='lat' dir='ltr'>est</span> <span class='ocrx_word' id='word_1_140' title='bbox 654 2260 701 2299; x_wconf 90' lang='lat' dir='ltr'>me</span> <span class='ocrx_word' id='word_1_141' title='bbox 721 2259 787 2299; x_wconf 82' lang='lat' dir='ltr'>eam</span> <span class='ocrx_word' id='word_1_142' title='bbox 805 2243 923 2316; x_wconf 80' lang='lat' dir='ltr'>partem</span> <span class='ocrx_word' id='word_1_143' title='bbox 937 2240 1111 2317; x_wconf 87' lang='lat' dir='ltr'>perdidisse,</span> 
     </span>
     <span class='ocr_line' id='line_1_22' title="bbox 96 2328 1112 2410; baseline -0.006 -18"><span class='ocrx_word' id='word_1_144' title='bbox 96 2352 150 2410; x_wconf 92' lang='lat' dir='ltr'>pro</span> <span class='ocrx_word' id='word_1_145' title='bbox 175 2349 236 2410; x_wconf 80' lang='lat' dir='ltr'>qua</span> <span class='ocrx_word' id='word_1_146' title='bbox 258 2330 345 2389; x_wconf 89' lang='lat' dir='ltr'>heres</span> <span class='ocrx_word' id='word_1_147' title='bbox 368 2329 501 2405; x_wconf 87' lang='lat' dir='ltr'>fuissem,</span> <span class='ocrx_word' id='word_1_148' title='bbox 524 2334 686 2406; x_wconf 77' lang='lat' dir='ltr'>antequam</span> <span class='ocrx_word' id='word_1_149' title='bbox 704 2332 818 2388; x_wconf 87' lang='lat' dir='ltr'>certum</span> <span class='ocrx_word' id='word_1_150' title='bbox 837 2329 945 2388; x_wconf 84' lang='lat' dir='ltr'>fuisset</span> <span class='ocrx_word' id='word_1_151' title='bbox 963 2328 1112 2386; x_wconf 89' lang='lat' dir='ltr'>neminem</span> 
     </span>
     <span class='ocr_line' id='line_1_23' title="bbox 96 2417 1112 2496; baseline -0.006 -16"><span class='ocrx_word' id='word_1_152' title='bbox 96 2421 193 2496; x_wconf 80' lang='lat' dir='ltr'>nesci,</span> <span class='ocrx_word' id='word_1_153' title='bbox 228 2421 282 2478; x_wconf 85' lang='lat' dir='ltr'>aut</span> <span class='ocrx_word' id='word_1_154' title='bbox 314 2420 453 2495; x_wconf 78' lang='lat' dir='ltr'>quartam</span> <span class='ocrx_word' id='word_1_155' title='bbox 480 2420 609 2495; x_wconf 82' lang='lat' dir='ltr'>partem,</span> <span class='ocrx_word' id='word_1_156' title='bbox 641 2417 713 2494; x_wconf 82' lang='lat' dir='ltr'>quie</span> <span class='ocrx_word' id='word_1_157' title='bbox 739 2421 801 2476; x_wconf 86' lang='lat' dir='ltr'>tres</span> <span class='ocrx_word' id='word_1_158' title='bbox 829 2417 914 2476; x_wconf 83' lang='lat' dir='ltr'>nosci</span> <span class='ocrx_word' id='word_1_159' title='bbox 940 2420 1112 2493; x_wconf 88' lang='lat' dir='ltr'>potuerunt,</span> 
     </span>
     <span class='ocr_line' id='line_1_24' title="bbox 97 2505 1113 2584; baseline -0.005 -15"><span class='ocrx_word' id='word_1_160' title='bbox 97 2513 151 2569; x_wconf 81' lang='lat' dir='ltr'>sut</span> <span class='ocrx_word' id='word_1_161' title='bbox 179 2510 312 2583; x_wconf 81' lang='lat' dir='ltr'>sextum,</span> <span class='ocrx_word' id='word_1_162' title='bbox 340 2506 411 2584; x_wconf 82' lang='lat' dir='ltr'>quis.</span> <span class='ocrx_word' id='word_1_163' title='bbox 438 2506 576 2583; x_wconf 86' lang='lat' dir='ltr'>quinque.</span> <span class='ocrx_word' id='word_1_164' title='bbox 624 2526 693 2566; x_wconf 84' lang='lat' dir='ltr'>nam</span> <span class='ocrx_word' id='word_1_165' title='bbox 726 2510 757 2565; x_wconf 90' lang='lat' dir='ltr'>et</span> <span class='ocrx_word' id='word_1_166' title='bbox 784 2505 964 2565; x_wconf 83' lang='lat' dir='ltr'>Aristoteles</span> <span class='ocrx_word' id='word_1_167' title='bbox 993 2505 1113 2580; x_wconf 87' lang='lat' dir='ltr'>scripsit</span> 
     </span>
     <span class='ocr_line' id='line_1_25' title="bbox 98 2594 1111 2675; baseline -0.005 -18"><span class='ocrx_word' id='word_1_168' title='bbox 98 2598 233 2675; x_wconf 88' lang='lat' dir='ltr'>quinque</span> <span class='ocrx_word' id='word_1_169' title='bbox 260 2595 345 2654; x_wconf 78' lang='lat' dir='ltr'>nosci</span> <span class='ocrx_word' id='word_1_170' title='bbox 371 2614 473 2672; x_wconf 89' lang='lat' dir='ltr'>posse,</span> <span class='ocrx_word' id='word_1_171' title='bbox 499 2596 570 2672; x_wconf 85' lang='lat' dir='ltr'>quie.</span> <span class='ocrx_word' id='word_1_172' title='bbox 596 2597 704 2657; x_wconf 84' lang='lat' dir='ltr'>vulvae</span> <span class='ocrx_word' id='word_1_173' title='bbox 730 2595 891 2653; x_wconf 88' lang='lat' dir='ltr'>mulierum</span> <span class='ocrx_word' id='word_1_174' title='bbox 917 2594 1044 2653; x_wconf 85' lang='lat' dir='ltr'>totidem</span> <span class='ocrx_word' id='word_1_175' title='bbox 1065 2612 1111 2652; x_wconf 91' lang='lat' dir='ltr'>re-</span> 
     </span>
     <span class='ocr_line' id='line_1_26' title="bbox 99 2682 1112 2763; baseline -0.007 -16"><span class='ocrx_word' id='word_1_176' title='bbox 99 2685 258 2763; x_wconf 82' lang='lat' dir='ltr'>ceptacula</span> <span class='ocrx_word' id='word_1_177' title='bbox 286 2684 396 2743; x_wconf 84' lang='lat' dir='ltr'>habero</span> <span class='ocrx_word' id='word_1_178' title='bbox 419 2686 558 2760; x_wconf 89' lang='lat' dir='ltr'>possunt,</span> <span class='ocrx_word' id='word_1_179' title='bbox 587 2687 617 2742; x_wconf 90' lang='lat' dir='ltr'>et</span> <span class='ocrx_word' id='word_1_180' title='bbox 640 2702 705 2743; x_wconf 90' lang='lat' dir='ltr'>esse</span> <span class='ocrx_word' id='word_1_181' title='bbox 728 2684 883 2742; x_wconf 88' lang='lat' dir='ltr'>mulierem</span> <span class='ocrx_word' id='word_1_182' title='bbox 905 2683 1017 2742; x_wconf 84' lang='lat' dir='ltr'>Romae</span> <span class='ocrx_word' id='word_1_183' title='bbox 1040 2682 1112 2741; x_wconf 89' lang='lat' dir='ltr'>Ale-</span> 
     </span>
     <span class='ocr_line' id='line_1_27' title="bbox 97 2771 1113 2849; baseline -0.004 -14"><span class='ocrx_word' id='word_1_184' title='bbox 97 2774 278 2835; x_wconf 78' lang='lat' dir='ltr'>xandrinam</span> <span class='ocrx_word' id='word_1_185' title='bbox 311 2773 349 2831; x_wconf 83' lang='lat' dir='ltr'>ab</span> <span class='ocrx_word' id='word_1_186' title='bbox 377 2771 530 2849; x_wconf 82' lang='lat' dir='ltr'>Aegypto,</span> <span class='ocrx_word' id='word_1_187' title='bbox 564 2791 638 2849; x_wconf 76' lang='lat' dir='ltr'>quoe</span> <span class='ocrx_word' id='word_1_188' title='bbox 667 2772 796 2849; x_wconf 88' lang='lat' dir='ltr'>quinque</span> <span class='ocrx_word' id='word_1_189' title='bbox 824 2772 913 2831; x_wconf 88' lang='lat' dir='ltr'>simul</span> <span class='ocrx_word' id='word_1_190' title='bbox 938 2772 1055 2848; x_wconf 85' lang='lat' dir='ltr'>peperit</span> <span class='ocrx_word' id='word_1_191' title='bbox 1082 2775 1113 2831; x_wconf 91' lang='lat' dir='ltr'>et</span> 
     </span>
     <span class='ocr_line' id='line_1_28' title="bbox 98 2860 1112 2938; baseline -0.007 -13"><span class='ocrx_word' id='word_1_192' title='bbox 98 2868 166 2925; x_wconf 88' lang='lat' dir='ltr'>tum</span> <span class='ocrx_word' id='word_1_193' title='bbox 188 2862 323 2923; x_wconf 77' lang='lat' dir='ltr'>habebut</span> <span class='ocrx_word' id='word_1_194' title='bbox 344 2860 518 2938; x_wconf 86' lang='lat' dir='ltr'>incolumes,</span> <span class='ocrx_word' id='word_1_195' title='bbox 541 2864 571 2920; x_wconf 89' lang='lat' dir='ltr'>et</span> <span class='ocrx_word' id='word_1_196' title='bbox 594 2863 642 2922; x_wconf 79' lang='lat' dir='ltr'>hic</span> <span class='ocrx_word' id='word_1_197' title='bbox 666 2865 696 2921; x_wconf 90' lang='lat' dir='ltr'>et</span> <span class='ocrx_word' id='word_1_198' title='bbox 713 2862 746 2918; x_wconf 92' lang='lat' dir='ltr'>in</span> <span class='ocrx_word' id='word_1_199' title='bbox 762 2860 902 2936; x_wconf 84' lang='lat' dir='ltr'>Aegypto</span> <span class='ocrx_word' id='word_1_200' title='bbox 921 2861 1112 2920; x_wconf 83' lang='lat' dir='ltr'>adfirmatum</span> 
     </span>
     <span class='ocr_line' id='line_1_29' title="bbox 98 2944 265 3014; baseline -0.024 0"><span class='ocrx_word' id='word_1_201' title='bbox 98 2957 147 3014; x_wconf 89' lang='lat' dir='ltr'>est</span> <span class='ocrx_word' id='word_1_202' title='bbox 167 2944 265 3012; x_wconf 87' lang='lat' dir='ltr'>mihi&#39;.</span> 
     </span>
    </p>

    <p class='ocr_par' dir='ltr' id='par_1_10' title="bbox 189 3037 523 3115">
     <span class='ocr_line' id='line_1_30' title="bbox 189 3037 523 3115; baseline -0.003 -16"><span class='ocrx_word' id='word_1_203' title='bbox 189 3040 226 3100; x_wconf 90' lang='lat' dir='ltr'>cf.</span> <span class='ocrx_word' id='word_1_204' title='bbox 251 3037 376 3098; x_wconf 86' lang='lat' dir='ltr'>Pornioe</span> <span class='ocrx_word' id='word_1_205' title='bbox 399 3038 428 3115; x_wconf 95' lang='lat' dir='ltr'>I,</span> <span class='ocrx_word' id='word_1_206' title='bbox 449 3039 523 3098; x_wconf 79' lang='lat'>372.</span> 
     </span>
    </p>
   </div>
   <div class='ocr_carea' id='block_1_8' title="bbox 514 3209 701 3294">
    <p class='ocr_par' dir='ltr' id='par_1_11' title="bbox 514 3209 701 3294">
     <span class='ocr_line' id='line_1_31' title="bbox 514 3209 701 3294; baseline -0.005 -19"><span class='ocrx_word' id='word_1_207' title='bbox 514 3209 564 3276; x_wconf 86' lang='lat' dir='ltr'>De</span> <span class='ocrx_word' id='word_1_208' title='bbox 587 3211 701 3294; x_wconf 69' lang='lat' dir='ltr'>(epotis.</span> 
     </span>
    </p>
   </div>
   <div class='ocr_carea' id='block_1_9' title="bbox 434 3333 780 3406">
    <p class='ocr_par' dir='ltr' id='par_1_12' title="bbox 434 3333 780 3406">
     <span class='ocr_line' id='line_1_32' title="bbox 434 3333 780 3406; baseline 0 -15"><span class='ocrx_word' id='word_1_209' title='bbox 434 3333 482 3392; x_wconf 89' lang='lat' dir='ltr'>De</span> <span class='ocrx_word' id='word_1_210' title='bbox 504 3333 659 3404; x_wconf 74' lang='lat' dir='ltr'>usufructu</span> <span class='ocrx_word' id='word_1_211' title='bbox 681 3333 780 3406; x_wconf 65' lang='lat' dir='ltr'>lepore.</span> 
     </span>
    </p>
   </div>
   <div class='ocr_carea' id='block_1_10' title="bbox 100 3429 1112 3609">
    <p class='ocr_par' dir='ltr' id='par_1_13' title="bbox 100 3429 1112 3609">
     <span class='ocr_line' id='line_1_33' title="bbox 114 3429 1112 3518; baseline -0.005 -19"><span class='ocrx_word' id='word_1_212' title='bbox 114 3474 119 3480; x_wconf 94' lang='lat'>·</span> <span class='ocrx_word' id='word_1_213' title='bbox 190 3435 220 3499; x_wconf 83' lang='lat'>3.</span> <span class='ocrx_word' id='word_1_214' title='bbox 249 3432 290 3498; x_wconf 93' lang='lat' dir='ltr'>D.</span> <span class='ocrx_word' id='word_1_215' title='bbox 305 3433 379 3518; x_wconf 80' lang='lat'>7,4‚</span> <span class='ocrx_word' id='word_1_216' title='bbox 395 3433 446 3517; x_wconf 85' lang='lat'>10,</span> <span class='ocrx_word' id='word_1_217' title='bbox 460 3431 490 3498; x_wconf 88' lang='lat'>5.</span> <span class='ocrx_word' id='word_1_218' title='bbox 536 3432 694 3518; x_wconf 85' lang='lat' dir='ltr'>Ulpianus</span> <span class='ocrx_word' id='word_1_219' title='bbox 719 3433 803 3498; x_wconf 91' lang='lat' dir='ltr'>libro</span> <span class='ocrx_word' id='word_1_220' title='bbox 828 3429 1112 3515; x_wconf 88' lang='lat' dir='ltr'>septimodecimo</span> 
     </span>
     <span class='ocr_line' id='line_1_34' title="bbox 100 3519 1112 3609; baseline -0.008 -19"><span class='ocrx_word' id='word_1_221' title='bbox 100 3524 142 3590; x_wconf 81' lang='lat' dir='ltr'>ad</span> <span class='ocrx_word' id='word_1_222' title='bbox 176 3521 334 3590; x_wconf 78' lang='lat' dir='ltr'>Sabinum</span> <span class='ocrx_word' id='word_1_223' title='bbox 362 3520 410 3609; x_wconf 91' lang='lat' dir='ltr'>(P.</span> <span class='ocrx_word' id='word_1_224' title='bbox 434 3521 560 3609; x_wconf 71' lang='lat' dir='ltr'><strong>2555b).</strong></span> <span class='ocrx_word' id='word_1_225' title='bbox 590 3558 628 3569; x_wconf 89' lang='lat'>-</span> <span class='ocrx_word' id='word_1_226' title='bbox 659 3520 693 3587; x_wconf 87' lang='lat' dir='ltr'>Si</span> <span class='ocrx_word' id='word_1_227' title='bbox 725 3542 849 3587; x_wconf 78' lang='lat' dir='ltr'>massae</span> <span class='ocrx_word' id='word_1_228' title='bbox 881 3541 959 3585; x_wconf 88' lang='lat' dir='ltr'>usus</span> <span class='ocrx_word' id='word_1_229' title='bbox 988 3519 1112 3583; x_wconf 87' lang='lat' dir='ltr'>fructus</span> 
     </span>
    </p>
   </div>
   <div class='ocr_carea' id='block_1_11' title="bbox 0 0 1217 3976">
    <p class='ocr_par' dir='ltr' id='par_1_14' title="bbox 0 0 1217 3976">
     <span class='ocr_line' id='line_1_35' title="bbox 0 0 1217 3976; baseline 0 0"><span class='ocrx_word' id='word_1_230' title='bbox 0 0 1217 3976; x_wconf 95' lang='lat' dir='ltr'> </span> 
     </span>
    </p>
   </div>
  </div>
 </body>
</html>
