2422 3976
95 194 161 257 224
182 192 229 248 IV.
247 190 1087 250 Vespasiumsirrnourrmurreue.1us1scerc

95 355 209 421 relicto
233 377 297 420 uno
320 354 388 419 filio
413 358 445 418 et
467 377 566 419 uxore
587 359 773 440 praegnata,
795 377 860 421 non
878 359 967 420 recte
985 355 1073 422 filius

96 444 300 511 debitoribus
336 446 411 527 part
414 464 464 506 em
502 444 669 509 dimidiam
700 445 814 508 crediti
845 447 957 529 petere
989 448 1086 528 potes

96 533 242 618 quamvis
275 536 390 634 postea
417 554 499 596 unus
527 533 613 596 filius
641 535 737 597 natus
766 535 810 597 sit
838 533 929 618 [quia
955 536 1087 616 poterat

95 623 204 706 piures
231 621 335 700 nasci,
363 643 435 685 cum
462 643 521 704 per
547 643 653 686 rerum
680 627 831 687 naturam
858 624 984 686 certum
1012 623 1087 687 fuer:

95 733 195 774 unum
228 709 341 793 nasci}
389 710 444 773 sed
474 708 613 774 Sabinus
642 708 772 775 Cassius
804 713 930 793 partem
959 715 1087 794 quartat

94 800 163 882 peti
187 799 342 883 debuisse,
366 798 444 883 quia
465 799 624 862 incertum
648 802 734 863 esset
753 803 878 864 autres
896 803 1087 864 nascareutu

97 890 170 968 [nec
197 909 303 951 rerum
330 891 482 951 naturam
509 885 710 968 intuendam,
736 888 770 951 in
798 888 995 972 quaomnia
1019 892 1087 953 cert

95 980 210 1060 essent,
233 999 305 1041 cum
325 977 435 1039 futura
453 976 564 1059 utique
582 977 704 1059 fierent,
729 975 784 1040 sed
802 979 951 1040 nostram
969 975 1087 1042 inscien

94 1065 175 1129 tiam
200 1066 298 1149 aspici
323 1065 460 1146 debera]

183 1159 220 1218 cf.
244 1158 364 1218 Cassius
388 1176 478 1233 supra
501 1178 529 1233 p.
549 1161 600 1217 39.

183 1247 306 1306 Pernice
328 1248 357 1322 I,
381 1248 444 1307 373
472 1266 500 1305 n.
520 1249 561 1304 46
590 1249 689 1306 notat:
726 1241 801 1306 ‘Des
829 1247 971 1307 Plautius
1003 1247 1087 1325 aigum

94 1336 224 1413 positive
249 1335 376 1395 Ansicht
402 1336 444 1394 ist
470 1335 553 1394 nicht
580 1337 749 1412 angefflhrt.
793 1335 937 1395 Indcssen
966 1336 1014 1395 die
1039 1337 1087 1394 ent·

94 1424 250 1484 schiedene
264 1423 463 1502 Verwcrfung
477 1424 528 1483 des
543 1424 698 1483 dimidium
712 1426 815 1500 petere
828 1425 890 1482 und
904 1424 953 1484 die
966 1422 1087 1502 fulgenda

94 1514 302 1588 Anknflpfung
334 1513 390 1570 mit
416 1513 480 1587 sed,
512 1513 561 1571 die
587 1514 628 1570 im
652 1513 785 1589 jetzigen
812 1513 907 1572 Texta
934 1513 1021 1572 keine
1045 1511 1087 1570 Er·

93 1602 224 1678 hlhrung
245 1601 346 1678 findet,
369 1602 476 1660 fdhren
499 1621 537 1660 zu
555 1601 607 1659 dar
625 1601 790 1678 Annahme,
813 1601 955 1662 Plautius
974 1601 1044 1660 habe
1059 1615 1086 1657 m

93 1689 151 1748 deu
177 1690 299 1765 quidam
326 1692 378 1748 des
401 1689 526 1748 Urseius
555 1683 605 1771 (D.
621 1693 671 1759 46,
688 1692 716 1766 3,
732 1681 789 1770 36)
817 1691 938 1767 gehdrt,
968 1691 1014 1750 die
1030 1685 1085 1765 jede

94 1778 189 1856 Klage
208 1779 259 1837 des
274 1779 387 1838 Schnes
405 1781 453 1836 fur
470 1778 585 1856 nichtig
600 1780 759 1855 erklarteu,
778 1797 865 1838 wenn
879 1779 927 1838 sin
942 1780 1083 1839 Postumus

94 1862 302 1944 agnascierte’.

505 1977 554 2042 De
576 1977 691 2060 leuatis.

435 2105 592 2166 Generaliu
614 2107 764 2180 quaedum.

375 2213 419 2268 De
438 2215 524 2282 leuato
540 2231 589 2283 per
606 2214 825 2269 vindicationem.

182 2283 215 2370 ,2.Ι
244 2306 283 2370 D.
302 2308 354 2387 31,
373 2307 403 2369 4.
448 2305 538 2369 Idem
567 2303 625 2391 (sc.
647 2303 780 2388 Paulus)
807 2305 892 2370 libro
921 2295 1080 2371 octavoad

93 2392 257 2458 Plautium
272 2393 377 2479 (Paul.
390 2394 500 2475 1152).
518 2431 555 2442 -
572 2393 743 2458 Neminem
758 2394 901 2458 eiusdem
916 2396 961 2458 rei
977 2393 1080 2479 regare

94 2482 157 2546 sibi
178 2486 302 2566 partam
328 2482 409 2545 velle
432 2486 559 2564 partem
583 2482 668 2546 nolle
691 2481 798 2546 verius
822 2486 881 2546 est.

182 2576 218 2634 cf.
239 2575 303 2635 Gai.
320 2580 348 2653 2,
365 2578 435 2635 195.

376 2709 419 2764 De
438 2710 524 2778 leuato
538 2727 590 2777 per
607 2683 818 2764 damuatiduem.

183 2801 212 2864 3.
235 2799 273 2864 D.
288 2800 340 2879 45,
355 2802 384 2882 2,
402 2802 452 2865 17.
488 2799 607 2864 Paulus
630 2801 714 2865 libro
738 2805 853 2865 octavo
877 2802 919 2866 ad
938 2801 1082 2867 Plautium

93 2886 142 2972 (P.
164 2887 286 2975 11582).
310 2925 351 2934 -
377 2888 450 2953 Sive
478 2912 497 2952 a
525 2890 621 2953 certis
648 2890 795 2972 personis
823 2891 979 2955 heredum
1000 2884 1082 2955 nomi·

93 2976 195 3041 natim
218 2979 360 3062 legatum
385 2981 479 3057 esset,
503 2978 569 3041 sive
593 2978 633 3041 ab
659 2978 807 3042 omnibus
831 2985 966 3064 excepto
985 2979 1083 3062 aliquo,

94 3066 266 3131 Atilicinus
296 3066 433 3130 Sabinus
462 3065 592 3130 Cassius
624 3089 683 3149 pro
716 3067 923 3133 hereditariis
955 3067 1083 3153 partibus

92 3153 240 3257 tautum1
254 3177 308 3219 eos
323 3155 468 3237 legatum
483 3155 648 3220 debituros
664 3153 765 3237 aiunt,
779 3156 855 3240 quia
868 3156 1029 3222 hereditas
1042 3171 1084 3218 eos

94 3246 225 3395 obllgzss
250 3331 287 3395 D.
303 3330 353 3413 12,
369 3331 397 3412 6,
411 3332 463 3396 46.
499 3331 590 3395 Idem
610 3328 666 3417 (sc.
681 3329 868 3420 lavolenus)
887 3333 971 3399 libro
986 3332 1084 3418 quarto

93 3445 131 3487 ex
154 3421 290 3485 Plautio.
314 3457 357 3467 -
381 3419 444 3496 Qui
471 3421 597 3485 heredis
620 3421 750 3485 nomine
765 3421 884 3505 ¹legata
905 3445 972 3489 non
993 3419 1086 3487 debita

166 3566 180 3613 1
200 3559 247 3613 Fl.
265 3559 365 3612 totum.
