2422 3976
150 165 194 231 46
222 167 268 223 111.
284 167 359 224 GAlI
374 167 520 223 CLAUDII
530 167 667 223 NERON.
676 167 821 224 CALBAB
831 170 1049 228 nummulus
1060 173 1166 233 CONS.

461 336 509 395 De
525 353 664 410 pecuum
686 339 849 412 usufructu.

237 447 289 512 37.
316 445 356 511 D.
367 447 396 529 7,
409 445 498 529 1‚68,
510 446 538 510 1.
583 445 744 530 Ulpianus
767 448 851 513 libro
875 449 1013 532 septimo
1037 449 1166 518 decimo

148 535 188 600 ad
212 534 367 600 Sabinum
387 532 435 620 (Ρ.
450 530 576 621 2574·).
600 571 643 581 -
666 534 766 603 Fetus
789 586 820 601 ..
842 558 997 620 pecorum
1020 534 1165 607 Sabinus

148 628 181 688 et
203 622 335 690 Cassius
359 624 484 707 opinati
507 628 584 688 sunt
606 624 647 688 ad
669 623 882 690 fructuarium
929 626 1073 692 ertinere.

236 714 288 779 38.
310 711 350 777 D.
361 711 414 794 7,]
421 712 492 797 ,70,
501 713 531 777 2.
567 710 643 797 Ulp.
656 712 732 779 ibid.
749 711 798 800 (Ρ.
808 649 936 803 257438.
955 751 998 763 -
1017 764 1041 780 ..
1061 715 1164 783 Caius

147 799 278 866 Cassius
301 802 385 866 libro
409 804 524 867 ootavo
548 801 662 866 scribit
684 823 812 866 earnem
834 802 920 868 fetus
940 802 1102 870 demortui
1120 806 1163 871 ad

146 891 357 955 fructuarium
380 891 553 974 pertinere.

261 1055 309 1115 De
330 1057 485 1129 usufructu
500 1072 558 1130 per
579 1059 697 1114 senatus
720 1057 879 1115 oousutturu
902 1073 1041 1119 oouoemo.

235 1166 286 1231 39.
319 1164 359 1230 D.
375 1167 403 1247 7,
418 1165 448 1249 5,
462 1164 491 1230 3.
537 1163 698 1248 Ulpianus
722 1165 806 1231 libro
831 1168 944 1231 octavo
968 1165 1095 1232 deoimo
1120 1168 1162 1234 ad

146 1252 300 1319 Sabinum
329 1254 378 1341 (P.
397 1249 524 1338 2590b).
551 1288 594 1301 -
622 1252 701 1317 Post
729 1253 814 1338 quod
843 1253 899 1340 (so.
922 1259 1056 1320 senatus
1084 1277 1162 1322 oon-

145 1340 281 1429 sultum)
318 1343 461 1408 omnium
494 1363 601 1406 rernm
631 1364 709 1407 usus
742 1341 866 1407 fructus
896 1344 998 1429 legari
1027 1346 1161 1428 poterit

143 1453 186 1496 an
217 1435 250 1496 et
277 1430 466 1497 nominum?
495 1481 528 1496 ..
557 1429 688 1496 Cassius
716 1433 749 1494 et
775 1428 932 1496 Proculus
961 1433 1161 1520 existimant,

143 1541 238 1604 posse
261 1520 371 1604 legari.

233 1629 419 1690 Sententiam
442 1631 538 1690 eidem
560 1631 638 1691 libro
661 1631 827 1690 attribuere
850 1631 929 1691 lieet.

254 1825 365 1885 Plane
387 1826 609 1886 insertorum
632 1825 808 1885 librorum
830 1826 1045 1902 fragmenta.

229 1951 412 2029 Fragmenta
438 1949 572 2025 disposui
599 1950 761 2009 seeundum
788 1949 923 2010 ordinem
950 1949 1156 2016 Sabinianum.

556 2121 606 2186 De
627 2123 742 2204 leuatis.

526 2242 574 2302 De
595 2261 652 2302 usu
674 2245 767 2316 fuudr'.

228 2354 281 2417 40.
310 2352 348 2417 D.
359 2353 387 2436 7,
397 2353 427 2433 8,
439 2352 530 2432 12,1.
574 2351 735 2436 Ulpianus
758 2353 841 2416 libro
866 2352 1154 2436 septimodecimo

140 2441 180 2505 ad
205 2440 360 2506 Sabinum
384 2437 434 2525 (P.
447 2441 558 2524 2577).
578 2477 619 2487 -
639 2440 773 2505 Praeter
796 2441 1032 2505 habitationem
1056 2463 1153 2527 quam

138 2529 250 2614 habet,
288 2529 339 2595 cui
370 2551 448 2594 usus
481 2529 575 2594 datus
608 2533 658 2593 est
689 2528 747 2613 (se.
775 2525 891 2615 fundi),
924 2529 1154 2596 deambulandi

139 2640 264 2702 quoque
292 2622 325 2682 et
352 2617 501 2702 gestandi
527 2619 577 2683 ius
603 2617 748 2683 habebit.
794 2615 934 2682 Sabinus
962 2621 996 2682 et
1020 2617 1152 2685 Cassius

138 2711 169 2771 et
198 2706 297 2792 lignis
326 2707 366 2770 ad
393 2728 486 2771 usum
515 2706 726 2772 cottidianum
755 2710 787 2770 et
813 2707 908 2771 horto
932 2711 965 2770 et
988 2707 1096 2790 pomis
1121 2713 1154 2773 et

136 2794 302 2860 holeribus
331 2805 364 2859 et
389 2795 522 2861 floribus
550 2799 583 2860 et
610 2818 693 2880 aqua
720 2816 867 2877 usurum,
895 2816 960 2860 non
984 2796 1152 2880 usquead

137 2885 375 2968 compendium,
398 2883 454 2949 sed
478 2885 518 2948 ad
541 2906 644 2968 usum,
670 2883 793 2948 scilieet
816 2905 881 2949 non
904 2905 1005 2968 usque
1030 2885 1071 2948 ad
1096 2885 1151 2950 ab·

137 2994 239 3036 usum.
275 2973 358 3037 idem
374 2972 492 3057 Nerva,
511 2977 544 3037 et
563 2972 722 3038 adicit
742 2972 797 3036 sad
816 2993 918 3056 neque
937 2972 1026 3037 foliis
1045 2995 1150 3058 neque

137 3061 208 3126 oleo
219 3083 321 3147 neque
331 3062 493 3128 frumento
503 3082 605 3146 neque
614 3060 762 3146 frugibus
772 3083 914 3126 usurum.
943 3060 999 3125 sed
1009 3059 1150 3127 Sabinus

136 3154 169 3213 et
187 3148 318 3215 Cassius
409 3151 471 3216 hoo
490 3150 629 3233 amplius
648 3150 747 3214 etiam
767 3171 805 3213 ex
823 3148 874 3213 his
895 3171 976 3233 quae
994 3150 1029 3214 in
1047 3149 1150 3217 fundo

134 3243 319 3324 naseuntur,
343 3238 428 3324 quod
450 3239 490 3302 ad
509 3239 637 3304 victum,
650 3238 712 3302 sibi
732 3238 862 3321 suisque
882 3238 1022 3303 sufficiat
1041 3262 1149 3324 sump-

135 3330 243 3393 turum
267 3334 300 3393 et
324 3350 363 3392 ex
385 3328 435 3392 his
459 3350 541 3412 quae
564 3327 674 3393 Nerva
696 3328 838 3411 negarit.

223 3439 346 3499 Comma
379 3433 508 3499 ‘scilieet
539 3460 599 3499 non
630 3458 725 3515 usque
756 3438 795 3498 ad
828 3433 970 3498 abusum'
999 3438 1148 3516 Ulpianus

134 3528 256 3589 assius.
296 3528 331 3588 cf.
354 3527 421 3586 111
447 3549 474 3604 p.
494 3530 569 3588 452.
