2422 3976
94 186 138 250 24
164 186 211 241 ΙΙΙ.
227 186 303 271 GAlI
317 185 464 241 CLAUDII
477 185 613 240 NERON.
624 183 768 240 GALBAE
777 184 883 240 ΤΕΜΡ.
894 183 990 240 11111Ιὸ
1000 182 1104 240 CONS.

97 348 237 415 Sabinus
276 349 403 414 dicebat
434 348 515 413 utile
546 348 628 412 mihi
660 347 728 412 eius
761 347 844 412 dotis
876 346 1107 432 reciperandae

94 438 247 503 iudicium
272 437 413 502 dandum
436 458 519 523 esse3
544 435 643 501 Gaius
667 436 761 501 idem.

220 703 226 720 .
285 637 331 696 Da
354 638 506 697 donatione
527 640 602 698 tuter
624 640 721 696 etrum
743 641 769 696 a
790 654 915 696 camera.

185 756 236 821 11.
264 753 303 820 Ι).
321 756 379 835 41,
393 755 422 840 6,
444 756 472 840 1,
487 757 517 820 2.
562 756 681 821 Paulus
704 754 789 819 libro
813 754 1106 840 quinquagensimo

71 841 212 928 'quarto
242 844 282 908 ad
310 844 449 910 edictum
477 841 528 929 (P.
547 840 636 931 665).
663 880 707 891 —
735 844 813 908 ..si
840 843 889 907 vir
915 844 1007 908 uxori
1034 865 1105 908 rem

94 933 264 998 donaverit
291 938 325 997 et
351 932 524 1004 divortium
555 933 782 1013 intercesserit,
810 952 935 997 cessare
957 932 1105 1016 usucapi-

95 1043 190 1086 onem
213 1020 346 1088 Cassius
373 1022 554 1106 res'pondit,
582 1021 735 1106 quoniam
759 1041 825 1085 non
847 1021 950 1104 possit
973 1041 1105 1084 causam

93 1110 307 1194 possessionis
332 1110 484 1194 sibiipsa
505 1113 639 1174 mutare.
672 1110 751 1173 alias
771 1108 818 1174 ait
835 1113 911 1194 post
929 1109 1105 1173 divortium

93 1201 140 1264 ita
167 1203 412 1286 usucapturam,
439 1200 472 1286 ,si
500 1221 572 1263 eam
604 1199 740 1262 maritus
774 1198 983 1280 concesserit,
1011 1196 1106 1281 qnasi

94 1310 181 1381 nunc
205 1288 341 1353 donasse
364 1288 582 1372 intellegatur.

184 1415 280 1476 Cassii
308 1405 488 1476 sententiam
515 1417 554 1476 ad
581 1415 656 1494 legis
681 1413 798 1474 Cinciae
826 1417 988 1492 praecepta
1010 1415 1106 1490 respi-

96 1505 223 1564 cientem
242 1523 261 1563 a
279 1504 459 1564 Triboniano
478 1509 650 1582 corruptam
670 1522 734 1563 esse
748 1504 871 1563 Pernice
894 1504 960 1563 iure
983 1503 1107 1562 videtur

96 1611 223 1652 censere.

513 1693 564 1758 De
584 1694 689 1775 fartis.

186 1818 236 1882 12.
259 1814 298 1880 Ι).
312 1817 365 1899 41,
380 1818 410 1899 2,
424 1818 454 1900 3,
471 1818 520 1882 18.
562 1817 682 1882 Paulus
707 1817 791 1882 libro
815 1817 1106 1902 quinquagensimo

95 1909 210 1990 quarto
240 1906 280 1969 ad
309 1904 448 1970 edictum
473 1903 522 1993 (P.
538 1902 642 1991 658b).
664 1941 708 1952 —
732 1905 767 1971 Si
795 1928 864 1970 rem
888 1905 972 1989 apud
995 1908 1028 1970 te
1052 1905 1106 1970 de-

94 1995 236 2080 positam
271 1993 351 2058 furti
386 1993 525 2059 faciendi
563 2015 659 2059 causa
691 1993 952 2077 contrectaveris,
994 1993 1105 2059 desino

94 2084 269 2168 possidere.
315 2082 371 2147 sed
395 2082 423 2148 si
446 2104 517 2147 eam
540 2083 611 2148 loco
634 2104 701 2148 non
725 2083 863 2148 moveris
888 2087 920 2147 et
942 2082 1107 2149 infitiandi

96 2172 238 2236 animum
256 2171 387 2254 habeas,
405 2171 550 2255 plerique
567 2175 711 2236 veterum
727 2175 760 2236 et
775 2170 912 2237 Sabinus
927 2175 960 2236 et
974 2169 1107 2238 Cassius

95 2260 376 2343 ..responderunt
397 2281 617 2344 possessorem
641 2283 692 2326 me
716 2281 859 2343 manere,
883 2260 958 2342 quia
980 2259 1104 2325 furtum

96 2348 165 2412 sine
189 2349 442 2413 contrectatione
465 2349 535 2413 fieri
558 2370 623 2414 non
645 2353 755 2433 potest
776 2371 836 2414 nec
856 2349 965 2414 animo
983 2348 1107 2414 furtum

96 2437 293 2502 admittatur.

470 2542 520 2609 De
541 2545 735 2610 condictione.

187 2666 239 2731 13.
261 2664 300 2732 D.
314 2665 367 2750 44,
381 2665 412 2749 5,
428 2668 456 2748 1,
472 2668 522 2733 10.
559 2667 720 2752 Ulpianus
738 2668 823 2733 libro
843 2665 1107 2750 septuagensimo

96 2758 187 2819 sexto
212 2754 252 2818 ad
272 2754 411 2818 edictum
429 2754 478 2841 (P.
495 2753 606 2845 1684).
625 2795 667 2804 —
687 2757 760 2822 ..si
778 2760 933 2840 patronus
952 2754 1107 2819 libertum

97 2865 191 2908 suum
224 2843 422 2928 delegaverit
455 2846 620 2928 creditori,
652 2868 694 2910 an
727 2845 878 2910 adversus
906 2842 1107 2924 creditorem,

98 2930 149 2997 cui
174 2932 340 3017 delegatus
363 2934 512 3016 promisit
534 2935 698 2999 libertatis
722 2954 819 2999 eausa
838 2930 1031 3014 onerandae,
1054 2952 1106 2995 ex·

97 3020 245 3102 ceptione
267 3020 333 3085 ista
356 3021 404 3085 uti
427 3023 541 3106 possit,
564 3023 738 3087 videamus.
781 3026 813 3086 et
831 3020 978 3086 Cassium
996 3018 1107 3084 existi·

98 3130 204 3173 masse
222 3107 373 3175 Urseius¹
394 3109 495 3174 refert
518 3110 709 3177 creditorem
732 3111 859 3194 quidem
884 3109 1017 3173 minime
1037 3128 1106 3172 esse

97 3197 351 3263 submovendum
374 3199 575 3282 exceptione,
603 3201 680 3284 quia
702 3221 796 3264 snum
819 3197 954 3281 recepit;
981 3218 1106 3261 verum-

96 3290 207 3351 tamen
247 3287 401 3351 libertum
442 3291 580 3370 patrono
619 3310 716 3372 posse
753 3287 921 3353 condicere
959 3286 1003 3366 [si
1039 3305 1106 3350 non

95 3375 325 3461 transigendae
349 3378 587 3442 controversiae
612 3377 718 3460 gratia
740 3377 772 3441 id
796 3375 896 3456 fecit].

167 3554 182 3601 1
206 3547 254 3603 rt.
273 3545 384 3604 Cassius
403 3549 578 3606 existimasse
596 3550 731 3607 Urseium.
