2422 3976
92 199 159 264 264
195 199 228 254 V.
246 198 395 254 NERVAE
414 199 463 253 ET
482 197 635 254 TRAIANI
653 199 760 253 TEMP.
778 197 875 254 IURIS
895 197 1079 255 CONSULTI

94 369 145 442 16,
160 369 188 427 8.
213 368 374 443 13,1,13.
416 366 539 443 accedit,
558 367 638 443 quod
656 359 774 426 ‘Prisci’
793 383 937 444 responsa
954 367 1092 445 quaedun

93 457 131 516 ad
153 455 323 516 Fulcinium
346 455 486 515 videntur
509 455 614 515 referri
636 472 732 531 posse.

481 649 519 709 11.
547 697 553 709 .
572 697 578 709 .
594 697 600 708 .
614 649 710 710 libri.

181 775 218 833 In
244 774 329 833 libris
353 774 480 833 Fulcinii
509 766 779 854 (D.24,1,29pr.
802 774 906 852 Pomp.
935 769 1092 835 ‘Fulciniur

94 854 251 944 scripsit’),
260 881 388 939 quorum
400 881 495 939 neque
510 881 619 922 nomeu
630 881 727 939 neque
741 866 953 942 argumentum
964 882 1092 944 cognose

93 955 201 1030 potest,
210 953 346 1027 priorum
358 969 503 1026 responsa
511 950 625 1011 tradita
638 954 669 1010 et
683 952 852 1011 examinata
864 951 959 1012 fuisse
969 956 1092 1030 apparet

93 1042 129 1102 Ι).
145 1043 239 1115 39,·6,
253 1042 304 1100 43.
329 1042 380 1112 31,
395 1041 446 1114 49,
462 1042 491 1101 2.
536 1042 670 1098 ceterum
695 1040 830 1117 priorum
856 1040 1011 1116 responsis
1034 1060 1092 1118 pro

93 1130 159 1207 pria
186 1130 315 1189 fortasse
342 1128 475 1188 admixta
497 1127 631 1188 fuerunt:
660 1129 740 1206 quod
761 1147 938 1205 responsum
959 1130 1092 1191 Neratius

94 1239 110 1278 e
129 1217 258 1278 Fulcinii
275 1217 361 1277 libris
381 1216 572 1292 desumptum
590 1216 626 1277 D.
641 1219 693 1294 39,
708 1218 737 1293 6,
751 1219 846 1294 43pr.
866 1218 978 1296 posuit,
1000 1221 1092 1277 utrum

93 1308 188 1383 ipsius
205 1305 333 1366 Fulcinii
351 1324 390 1365 an
408 1305 533 1365 alterius
552 1306 601 1379 sit,
621 1306 759 1382 cognosci
775 1305 888 1381 nequit.
925 1306 1092 1383 plerumque

95 1396 130 1456 de
157 1395 232 1455 iuris
260 1393 357 1454 civilis
379 1394 529 1454 institutis
553 1394 668 1470 agitur,
693 1393 789 1455 ueluti
812 1394 848 1453 de
871 1395 995 1473 legatis,
1024 1395 1092 1465 dota

94 1486 186 1544 furto.
222 1482 350 1542 Fulciuii
372 1483 443 1542 libri
465 1482 613 1560 eiusdem,
637 1483 663 1542 si
686 1483 758 1560 quid
781 1482 877 1557 video,
899 1483 962 1543 fere
985 1481 1090 1562 generis

95 1573 226 1649 fuerunt,
244 1571 328 1630 cuius
344 1570 488 1648 Atilicini,
504 1570 626 1644 Minicii,
640 1570 738 1647 Ursei,
752 1570 868 1631 Plautii
881 1571 1010 1631 habendi
1023 1570 1087 1630 suut

183 1661 365 1736 Fragmenta
390 1660 553 1719 secundum
576 1659 711 1719 ordinem
734 1659 929 1720 Sabinianum
952 1655 1089 1720 collocari.

395 1811 445 1878 Dc
466 1813 644 1880 hereditatis
665 1814 808 1880 αιιιιοιιε.
852 1810 854 1814 '

186 1919 228 1985 1?
255 1919 294 1984 D.
314 1920 366 2002 39,
387 1920 417 2003 6,
435 1919 488 1985 21.
532 1919 622 1984 Idem
650 1917 826 2022 (Iulianus)
854 1921 938 1986 libro
966 1913 1086 1986 secundo

99 2009 138 2074 ad
166 2007 317 2074 Urseium
342 2007 568 2073 Ferocem—
594 2007 678 2072 Dum
705 2009 761 2093 qui
787 2014 825 2073 ut
852 2008 957 2074 adiret
981 2001 1084 2074 heredi-

100 2101 202 2162 tatem
220 2097 388 2181 pecuniam
408 2097 603 2250 accepisset,t
616 2096 798 2183 plerique,
788 2120 822 2161 ιιι
842 2098 958 2220 qluibus
976 2097 1085 2162 Priscus

97 2208 236 2271 quoque,
259 2185 495 2270 responderunt
518 2190 603 2250 mort
604 2185 632 2249 is
656 2207 754 2250 eausa
777 2186 867 2250 eam¹
891 2208 1012 2271 capere.

512 2343 562 2409 De
580 2345 694 2427 tepolis.

187 2454 216 2517 2.
249 2452 287 2517 D.
308 2452 360 2535 31,
379 2451 432 2535 49,
451 2453 479 2516 2.
530 2450 650 2515 Paulus
678 2451 762 2514 libro
791 2452 903 2535 quinto
935 2452 975 2516 ad
999 2450 1084 2534 legem

98 2541 216 2605 Iuliam
243 2546 275 2606 et
302 2540 439 2624 Papiam
467 2538 514 2625 (P.
534 2539 622 2623 949).
650 2576 693 2585 —
720 2537 828 2604 Labeo
856 2541 956 2605 refert
983 2553 1084 2624 agrum,

100 2631 190 2705 cuius
219 2629 443 2694 commercium
471 2650 536 2692 non
560 2628 675 2710 habes,
702 2629 806 2712 legari
828 2629 889 2693 tibi
912 2650 1007 2713 posse
1027 2624 1084 2690 Tre·

99 2718 222 2781 betium
250 2717 466 2800 respondisse,
495 2716 602 2799 quod.
617 2715 767 2781 .Priscus
794 2716 961 2783 Fulcinius
987 2716 1085 2781 falsum

101 2827 170 2869 esse
195 2806 309 2869 aiebat.

189 2892 232 2958 3?
256 2893 293 2957 D.
310 2896 339 2975 7,
353 2896 382 2974 8,
399 2894 448 2970 10,
464 2894 493 2956 2.
535 2892 693 2976 Ulpianus
717 2895 800 2958 libro
825 2895 963 2977 septimo
983 2894 1087 2958 decimo

102 2981 143 3046 ad
168 2979 322 3046 Sabinum
347 2979 396 3068 (P.
415 2978 527 3067 2576).
554 3017 591 3027 -
651 2981 711 3045 .si
739 2982 784 3046 sic
811 2983 942 3048 relictus
973 2983 1015 3047 sit
1043 2973 1089 3042 illi

102 3070 214 3135 domus
247 3090 339 3135 usum
368 3070 507 3135 fructum
533 3069 626 3133 habit
624 3030 702 3134 andi
729 3071 846 3155 causa’,
878 3075 988 3137 utrum
1016 3063 1089 3134 hab'r

100 3161 257 3224 tationem
295 3159 396 3223 solam
434 3181 476 3223 an
509 3180 584 3222 vcro
618 3163 650 3222 et
681 3181 774 3223 usum
806 3121 949 3225 frlrctum
980 3157 1092 3233 habeat,

101 3249 281 3313 videndum.
321 3252 353 3310 ct
372 3244 518 3312 Priscus²
537 3251 569 3310 et
587 3245 738 3311 Neratius
757 3253 875 3330 putant
895 3249 999 3313 solam
1016 3241 1091 3311 habi·

101 3341 151 3402 tat
137 3338 259 3402 tionem
283 3337 369 3419 legat
370 3357 431 3398 am.

174 3491 433 3630 {gewis
378 3579 433 3614 τεα
416 3560 519 3629 ilpunc
501 3561 721 3630 ulNepcluorSt
723 3562 847 3632 ephanus
858 3564 895 3619 ad
905 3564 968 3622 Bas.
980 3570 1020 3632 16,
1029 3567 1052 3630 8,
1062 3561 1092 3614 10
