2422 3976
367 196 392 246 6.
414 186 622 244 IAVOLENUS
640 186 789 244 Pulscus
834 234 841 245 .
1013 191 1080 257 419

79 350 215 419 metm»
245 353 434 435 respondisse
463 351 581 437 seuit,
611 353 687 435 quia
717 353 860 418 demimus
885 374 969 420 semo
999 354 1080 420 nou

79 440 173 507 mere
198 442 355 524 pomisret.
398 461 450 524 epo
477 445 554 523 puto
584 441 749 506 seeundum
772 446 899 506 mentem
928 444 1080 510 testatoris

79 530 343 685 mum.
357 551 451 613 quum
473 529 561 595 etoile
582 530 716 594 debitum
737 532 933 612 speetomdmm
955 553 1029 618 esse,
1050 537 1081 598 et

130 781 179 843 De
201 800 233 843 eo
255 785 303 843 emt
323 785 449 858 fumdmn
471 785 591 844 uendere
613 788 687 844 certo
703 786 799 858 pretio
821 785 946 844 dommus
968 789 1016 844 est.

157 893 211 958 66.
232 890 273 959 Ι).
287 894 339 977 32,
353 893 406 978 30,
420 894 450 960 3.
486 893 593 959 Labeo
608 894 692 960 libro
707 893 846 959 seeundo
860 894 1077 977 posteriorum

79 979 267 1047 sIsvoleno
293 983 551 1066 epitomatorum.
575 1019 617 1029 —
641 981 679 1048 Si
697 982 832 1064 fundum
854 983 933 1047 mibi
953 984 1078 1049 uendere

79 1074 146 1137 eru
168 1071 270 1153 pretio
299 1071 501 1156 domma[tu]s
523 1092 564 1155 es,
585 1072 707 1137 muttum
726 1070 865 1152 fructum
886 1073 952 1136 etms
972 1073 1019 1137 rei
1040 1093 1078 1138 ea

79 1160 239 1225 mitione
259 1161 394 1243 rumpere
415 1161 470 1226 rur
492 1161 621 1226 tuberum
642 1161 709 1243 erit,
730 1161 806 1242 quio
828 1161 863 1225 m
877 1162 1014 1243 pretium
1036 1162 1080 1226 ud

79 1248 164 1313 totum
184 1268 314 1314 musam
332 1249 428 1331 fundi
442 1251 586 1333 pertinet.

201 1431 379 1506 Leputorum
399 1434 609 1493 servandorum
631 1449 722 1492 eausa
744 1436 777 1491 ut
799 1436 943 1492 caueatur.

156 1542 209 1607 67.
236 1539 276 1605 D.
290 1539 343 1625 36,
356 1543 387 1626 4,
402 1543 451 1607 14
487 1541 595 1606 Labeo
609 1542 694 1607 libro
709 1541 848 1607 seeundo
862 1542 1075 1626 posteriorum

80 1628 267 1696 rIevoleno
301 1631 559 1714 epitomatorum.
585 1666 623 1677 -
650 1631 735 1711 Quae
762 1632 928 1713 tepotormm
953 1652 1077 1697 servum

79 1714 178 1784 bum
204 1738 301 1784 cumo
326 1720 362 1784 im
389 1719 476 1785 tomis
502 1724 558 1801 est,
587 1721 621 1784 im
643 1740 738 1785 eausa
760 1721 895 1785 vescendi
915 1721 1077 1800 deminuet,

79 1804 191 1891 tifilr‘o
217 1809 317 1890 neptis
335 1810 496 1892 promptis
521 1829 636 1874 umorve
658 1813 732 1874 esset
758 1829 812 1875 mee
838 1812 936 1892 nuptu
961 1811 1004 1875 sit
1024 1831 1077 1876 mee

79 1910 159 1961 mm
179 1897 342 1980 quiequam
363 1897 479 1963 habeut

323 2080 371 2140 De
392 2081 484 2154 tepato
506 2082 696 2140 eomdtee‘omote'
717 2082 823 2140 relicto.

153 2188 207 2254 68.
229 2187 269 2253 D.
284 2188 337 2272 35,
356 2196 384 2274 1,
398 2191 442 2255 40
449 2213 495 2275 pr.
535 2191 625 2255 Idem
643 2187 702 2277 (se.
719 2186 905 2276 Iavolenus)
924 2189 1006 2253 libro
1027 2210 1074 2253 se-

79 2275 170 2342 urndo
207 2298 246 2341 ex
280 2279 514 2362 posterioribus
546 2278 715 2363 Labeonis.
748 2315 791 2326 -
824 2277 942 2359 Quebrm
971 2277 1075 2343 diebus

79 2364 186 2431 ternus
208 2370 280 2432 mus
302 2369 398 2432 teum
410 2368 544 2450 publr‘eo,
567 2388 638 2433 eum
655 2370 698 2432 ud
711 2368 886 2450 parendum
903 2368 1074 2432 eumdioiom'

79 2474 110 2519 re
135 2454 237 2536 muer,
263 2456 309 2520 e're
326 2456 519 2538 prohibuerit
538 2459 609 2536 [meo
625 2478 684 2539 per
707 2462 734 2521 te
756 2460 861 2534 steret,
887 2476 947 2537 quo
969 2457 1074 2520 mimus

79 2543 181 2627 pendo
202 2544 239 2608 ot
258 2544 432 2611 calumnias
449 2567 517 2611 emm
535 2547 748 2628 summoveosJ,
770 2545 804 2608 te'
821 2546 886 2610 dies
903 2545 1075 2609 condicioni

79 2652 126 2698 mn
145 2632 391 2715 immutabuntur.

151 2724 273 2787 Inoluse
294 2726 387 2787 verba
405 2747 423 2787 a
442 2727 622 2788 Tribonieno
642 2727 744 2787 addita
762 2745 828 2786 esee
846 2726 969 2786 Pernioe
987 2727 1072 2788 vidit.

559 2900 576 2964 ?

151 3014 205 3080 69.
233 3014 273 3080 D.
287 3014 340 3099 50,
356 3016 406 3097 16,
420 3016 494 3100 242,
509 3017 538 3081 3.
581 3012 753 3080 Iavolenus
771 3014 855 3080 libro
875 3014 1013 3079 seeundo
1033 3037 1072 3078 ex

79 3103 300 3171 osterioribus
327 3104 495 3169 Labeonis.
523 3141 564 3187 ,-
595 3103 759 3171 ‘Viduam'
785 3124 849 3169 mom
873 3104 972 3169 sotum
994 3123 1071 3188 eom,

79 3213 140 3261 uae
161 3192 331 3275 aliquando
353 3198 452 3276 mepte
472 3193 589 3276 fuisset,
611 3194 664 3259 sed
685 3213 753 3257 eum
771 3213 887 3275 quoque
903 3192 1071 3270 mutierem,

79 3302 138 3349 uae
169 3283 273 3346 uirum
303 3301 367 3347 mom
397 3282 561 3368 tabuisset,
592 3282 745 3366 appellori
771 3284 823 3348 m't
848 3281 961 3366 Labeo,
996 3280 1071 3361 quio

79 3371 155 3439 idua
177 3372 223 3436 sie
244 3371 326 3436 dieto
348 3375 392 3436 est
412 3371 504 3453 quusi
525 3392 638 3451 oeeors,
660 3391 798 3454 omanus,
820 3372 875 3452 qui
895 3371 962 3435 sime
983 3369 1071 3434 eorde

79 3464 116 3526 ut
144 3460 280 3525 memte
310 3464 401 3536 esset·
437 3461 581 3526 similiter
611 3461 738 3526 ommam
768 3461 883 3526 diemm
913 3479 974 3524 esse
1003 3459 1071 3524 sime

812 3653 870 3711 22*
