2422 3976
381 185 407 232 4.
430 179 461 235 1..
481 178 665 234 NERATIUS
683 177 831 235 muscus
1045 179 1111 244 335

113 347 174 408 dum
203 342 260 409 est'
293 348 325 411 P.
346 351 442 408 1027.
497 341 633 407 ‘Paulusz
661 348 913 423 quemadmodum
940 367 1012 427 ergo
1036 394 1043 408 .
1063 396 1069 409 .
1090 342 1109 408 .'

191 526 250 587 Sed
266 530 340 588 utut
357 545 405 587 res
424 525 575 601 sehabet,
598 543 633 584 ea
650 526 822 601 fragmenta
840 525 876 584 de
895 526 1005 603 quibus
1024 525 1109 586 dubi-

114 615 165 673 tari
184 618 292 693 potest,
314 619 417 676 utrum
440 615 528 674 Pauli
550 633 589 673 an
611 614 730 673 Neratii
753 615 822 692 sint,
846 615 984 674 omittere
1007 616 1110 676 malui

189 703 276 776 Quod
298 703 337 763 ed
359 703 477 764 Neratii
499 704 669 779 fragmenta
691 703 885 781 proponenda
908 704 1026 783 attinet,
1048 705 1108 780 pri·

115 810 184 852 num
200 794 382 854 monendum
400 796 455 871 est,
478 791 509 851 in
528 792 616 851 Pauli
633 792 718 851 libris
738 791 776 850 ad
794 792 954 851 Neratium
973 792 1108 870 singulis,

116 883 145 939 ut
166 883 295 943 conicere
322 882 406 960 lieet,
434 880 596 957 separatim
624 880 712 941 editis
740 881 777 940 de
799 881 891 943 variis
914 881 988 939 iuris
1012 881 1108 941 uirilis

118 969 247 1045 capitibus
278 970 393 1031 dictum
424 971 525 1029 fuisse.
584 970 637 1029 sed
668 971 839 1046 fragmenta
874 989 929 1044 per
965 972 1109 1046 quattuor

118 1055 193 1120 libros
229 1059 410 1121 distribuere
451 1078 518 1118 eum
558 1059 627 1134 plus
667 1058 809 1117 audaciae
841 1076 931 1135 quam
964 1058 1109 1118 utilitatis

118 1143 216 1227 hauet,
239 1148 404 1209 sententias
427 1149 604 1225 argumento
622 1146 701 1207 inter
724 1164 755 1206 se
773 1147 916 1206 finitimas
940 1165 973 1206 ao
996 1146 1109 1206 similes

67 1278 69 1291 .
120 1237 261 1296 uoundum
284 1235 480 1296 Sabinianum
503 1235 638 1295 ordinem
661 1235 877 1312 componendas
901 1235 980 1298 duxi.

512 1461 562 1528 De
584 1462 700 1545 luatis

431 1591 478 1652 De
499 1593 654 1666 usufructu
677 1592 776 1665 leuato.

191 1711 218 1776 1.
241 1711 281 1777 D.
296 1711 349 1797 35,
364 1712 393 1790 1,
407 1710 459 1775 96.
500 1709 620 1775 Paulus
644 1710 729 1776 libro
751 1711 859 1794 primo
881 1710 921 1774 ad
940 1709 1110 1777 Neratium

120 1790 154 1876 (P.
170 1797 278 1888 1027).
304 1837 342 1847 -
371 1799 453 1865 Titio
474 1819 550 1866 usus
570 1799 692 1880 fruetus
713 1801 792 1864 servi
814 1799 930 1883 leuatus
952 1806 1008 1885 est,
1030 1806 1059 1866 et
1080 1803 1110 1867 si

118 1885 150 1949 od
165 1909 229 1954 uem
245 1889 408 1972 peruenire
429 1889 560 1970 deesset,
579 1888 703 1954 tubertus
720 1908 804 1953 servo
822 1890 897 1954 doto
915 1894 967 1954 est.
1005 1890 1108 1956 Titius

118 1972 168 2041 tiro
192 1982 330 2044 tetriore
355 1979 487 2044 masat.
533 1977 656 2042 tibertus
680 1996 744 2042 uon
765 1977 855 2061 ualet,
877 1980 952 2060 quio
973 1980 1108 2043 ooudicio

67 2070 72 2161 f
117 2078 157 2129 tu
174 2067 300 2132 initium
321 2067 442 2150 ueeepu't.

187 2178 360 2257 Sequuntur
381 2179 468 2238 haee:
491 2171 628 2238 ‘Paulust
652 2195 724 2253 ergo
747 2180 778 2237 et
801 2171 848 2237 si’.

479 2407 526 2467 De
547 2427 604 2469 usu
627 2410 727 2483 deuote.

185 2529 283 2595 al).
303 2528 332 2610 7,
351 2529 380 2610 8,
395 2528 448 2593 23.
492 2527 612 2592 Paulus
635 2527 719 2592 libro
743 2527 849 2612 primo
874 2525 913 2592 ad
936 2525 1106 2591 Neratium

108 2611 149 2702 (P.
165 2613 280 2703 1023).
305 2653 343 2662 —
368 2614 531 2681 Neratius.
581 2615 733 2683 Usuortue
753 2618 801 2681 rei
823 2616 949 2698 meatem
971 2618 1000 2681 ts
1022 2617 1109 2682 cuius

101 2707 267 2790 proprietas
288 2710 333 2771 eat
354 2705 440 2771 uutto
461 2706 550 2770 modo
572 2710 758 2770 commutare
775 2710 832 2787 pot
862 2710 882 2769 t.

186 2818 364 2894 Sequuntur
384 2817 470 2876 haee:
494 2809 632 2875 ‘Paulusz
655 2815 857 2876 deteriorem.
873 2861 879 2875 .
895 2809 914 2874 .’

461 3046 508 3105 De
529 3049 622 3122 faudo
645 3048 743 3122 ioquto.

186 3171 216 3236 3.
239 3167 278 3233 D.
295 3168 347 3249 33,
362 3168 391 3248 7,
406 3167 457 3231 24.
499 3164 620 3232 Paulus
643 3167 728 3231 libro
753 3166 850 3230 tertio
875 3165 915 3230 ad
936 3164 1106 3230 Neratium

98 3258 145 3340 (P.
163 3255 278 3341 1043).
298 3292 338 3303 -
359 3255 502 3340 Fuudua
524 3256 579 3337 qut
601 3256 716 3321 loeutus
737 3260 812 3332 erat,
835 3254 951 3339 loqutus
973 3258 1017 3318 est
1038 3273 1107 3318 oum

96 3349 315 3520 ἴξένῶιηὲἒιῖἵ;
343 3346 592 3422 instrumentum,
618 3345 699 3425 quod
724 3342 846 3410 colonus
872 3346 908 3408 iu
932 3362 965 3408 eo
991 3341 1108 3426 habuit,

185 3545 358 3623 Sequuntur
380 3544 468 3604 haee:
493 3538 630 3604 ‘Paulus2
654 3563 692 3602 an
716 3544 795 3622 quod
809 3592 815 3603 .
831 3591 838 3605 .
853 3538 872 3602 .’
