2422 3976
350 191 375 240 4.
396 185 424 240 C.
440 184 584 241 cassius
603 185 788 243 LONGINUS
1033 191 1076 255 49

63 347 177 414 Oelsus
211 348 325 413 scribit
340 348 455 432 'magis
482 349 674 433 supellectili
702 350 942 416 adnumeranda
971 358 1004 417 et
1030 354 1078 419 ita

63 436 221 503 Sabinum
244 441 278 501 et
300 434 450 503 Cassium
471 441 596 520 putare.

438 629 485 687 De
501 646 582 702 pena
604 630 706 703 ieqato.

151 749 206 813 49.
230 747 269 811 D.
277 747 328 825 33,
336 746 445 832 9,5pr.
487 746 605 811 Paulus
623 746 708 812 libro
726 752 841 831 quarto
861 750 900 813 ad
920 749 1077 815 Sabinum

61 837 112 918 (P.
123 833 237 922 1611).
256 873 299 883 -
317 835 393 902 Non
411 857 507 899 omne
526 835 612 918 quod
630 835 754 900 bibitur
771 836 806 899 in
825 858 908 920 penu
925 837 1077 904 habetur:

62 925 189 1008 alioqui
212 945 341 989 necesse
364 929 424 1009 est,
446 929 482 988 ut
506 924 616 989 omnia
637 925 871 988 medicamenta
890 948 970 1010 quac
990 927 1077 992 bibe·

60 1018 176 1078 rentur
204 1014 438 1078 contineantur.
483 1011 592 1094 itaque
620 1034 657 1076 ea
685 1013 814 1077 demum
840 1016 970 1096 penoris
998 1037 1077 1100 esse,

62 1125 144 1188 quae
166 1100 275 1166 alendi
293 1123 390 1166 causa
407 1101 603 1180 biberentur,
622 1102 735 1184 quoin
748 1123 881 1166 numero
896 1103 1077 1168 antidotum

62 1214 130 1256 non
155 1194 215 1254 est.
261 1194 294 1253 et
316 1212 392 1254 sane
415 1210 490 1254 vere
514 1187 645 1254 Cassius
669 1191 777 1254 sensit

413 1391 460 1449 De
480 1392 600 1464 peremis
622 1390 731 1464 leporis.

151 1511 206 1576 50.
235 1508 453 1591 D.34,2,19,
470 1509 519 1573 19.
559 1506 719 1591 Ulpianus
737 1506 820 1573 libro
839 1509 1016 1576 vicensimo
1037 1511 1075 1576 ad

61 1599 220 1665 Sabinum
240 1596 289 1685 (P.
298 1598 410 1682 2606).
429 1633 472 1644 -
490 1596 635 1662 Murrina
659 1644 685 1660 ..
707 1618 785 1661 vasa
802 1598 838 1661 in
856 1600 991 1683 gemmis
1011 1622 1076 1666 non

61 1711 131 1753 esse
156 1685 291 1752 Cassius
314 1686 436 1752 scribit.

165 1888 213 1946 De
234 1891 309 1945 veste
330 1887 437 1946 mondo
459 1888 636 1945 ornamentis
658 1887 845 1947 muliebribus
867 1888 974 1962 leporis.

151 2005 205 2071 51.
231 2005 270 2069 D.
284 2006 337 2089 34,
351 2005 381 2082 2,
395 2005 425 2069 8.
469 2002 559 2067 Idem
583 2000 640 2089 (sc.
659 2002 794 2091 Paulus)
817 2005 902 2069 libro
925 2028 1011 2070 nono
1037 2005 1078 2070 ad

62 2095 229 2160 Plautium
255 2093 304 2176 (P.
325 2091 433 2178 1111).
458 2128 496 2138 -
524 2092 668 2156 Plautius
696 2143 702 2155 .
726 2093 841 2157 Mulier
868 2094 916 2158 ita
943 2094 1078 2180 legavit:

62 2184 220 2269 ‘quisquis
244 2181 325 2245 mihi
348 2181 441 2245 hares
465 2181 535 2260 erit,
558 2180 662 2244 Titiae
686 2186 809 2246 vestem
834 2179 966 2266 [meam]
986 2206 1077 2248 mun·

63 2273 138 2337 dum
149 2275 402 2353 ornamentaque
413 2269 585 2333 muliebria
595 2269 729 2334 damnas
740 2274 810 2335 esto
821 2270 918 2336 dare'
943 2270 1077 2337 Cassius

63 2363 118 2445 ait,
138 2362 165 2425 si
186 2382 253 2423 non
272 2363 442 2442 appareret
461 2358 536 2441 quid
554 2358 719 2441 sensisset,
737 2380 866 2423 omnem
886 2363 1009 2423 vestem
1029 2382 1078 2424 se-

62 2449 202 2514 cundum
227 2448 326 2512 verba
348 2446 537 2511 testamenti
559 2446 702 2529 legatam
725 2447 836 2511 videri.

152 2569 190 2628 cf.
204 2568 288 2626 Paul.
304 2566 333 2628 s,
349 2570 383 2646 3,
398 2570 430 2641 a,
445 2569 496 2626 so.

432 2743 480 2802 De
497 2745 579 2803 libris
602 2745 710 2817 leontis,

152 2864 206 2928 52.
230 2863 269 2926 D.
284 2863 335 2940 32,
349 2862 392 2927 52
401 2885 447 2945 pr.
487 2862 645 2949 Ulpianus
663 2862 746 2926 libro
765 2862 940 2927 vicensimo
960 2867 1075 2947 quarto

64 2953 103 3017 ad
133 2950 290 3016 Sabinum
319 2948 369 3037 (P.
389 2947 501 3038 2661).
530 2988 571 2997 -
680 2949 779 3014 Gaius
804 2947 935 3015 Cassius
964 2952 1077 3018 scribit

64 3040 174 3106 deberi
197 3044 230 3104 et
252 3040 457 3104 membranas
480 3040 572 3104 libris
595 3039 721 3122 legatis.

152 3160 238 3219 Paul.
255 3159 284 3220 S.
300 3162 329 3233 3,
345 3163 373 3239 6,
389 3163 438 3220 87.
483 3159 582 3219 Libris
605 3160 714 3236 legatis
738 3204 744 3217 .
760 3202 788 3217 ..
811 3160 1001 3219 membranae
1025 3202 1077 3220 ...

64 3250 258 3310 continentur
282 3296 288 3308 .
304 3295 310 3307 .
326 3296 332 3307 .

153 3359 206 3424 53.
228 3358 268 3422 D.
278 3358 353 3422 ibid.
363 3361 383 3439 ξ
393 3358 421 3423 3.
437 3357 598 3421 —Libris
614 3407 638 3422 ..
652 3358 769 3442 legatis
783 3357 995 3421 bibliothecas
1010 3378 1077 3420 non

66 3448 225 3513 contineri
248 3445 387 3511 Sabinus
416 3447 535 3511 scribit.
580 3447 664 3510 idem
693 3450 726 3509 et
749 3444 892 3528 Cassius3
920 3445 968 3509 ait
991 3445 1076 3508 enim

66 3537 270 3600 membranas
298 3557 379 3619 quae
405 3537 541 3620 scriptae
565 3536 643 3617 sint,
671 3533 842 3611 contineri,
871 3535 990 3617 <puras
1012 3555 1078 3598 non

119 3649 214 3700 Iurispr.
228 3649 409 3691 munecaton.
424 3649 458 3690 ed.
472 3649 572 3688 Bremer.
594 3649 653 3699 11,a.
851 3644 870 3694 Δ,
910 3680 912 3684 .
