2422 3976
408 186 433 235 6.
455 176 663 234 IAVOLENUS
681 178 829 235 PRISCUS
1060 181 1125 246 467

488 393 540 459 De
555 397 753 477 possessione.

200 518 230 584 6·
250 518 292 585 D.
306 518 361 603 41,
375 518 405 602 2,
420 518 472 584 23.
512 517 602 583 Idem
626 516 686 606 (sa.
703 516 889 606 Iavolenus)
914 520 999 585 libro
1020 523 1126 606 primo

132 602 345 691 Epistularum.

202 711 225 759 1.
260 696 341 762 Onm
371 696 493 761 heredes
525 697 659 761 instituti
689 717 809 780 sumas,
841 698 930 762 odito
961 697 1126 764 hereditate

134 786 217 850 annm
243 786 367 868 pridem
393 786 466 850 ima
493 787 537 850 ad
561 805 618 850 nos
645 790 818 865 transeunt,
843 788 995 868 possessio
1023 793 1125 853 tamen

131 872 179 939 m·
196 875 382 939 naturaliter
403 874 617 956 comprehenso
639 876 683 940 od
703 895 760 939 nos
781 895 845 939 non
861 877 1003 957 pertinet.

199 974 223 1025 r.
248 962 292 1028 In
310 963 368 1047 iis,
390 964 445 1046 qni
463 965 497 1027 in
514 963 647 1028 hostiam
658 968 839 1045 potestatem
850 969 1064 1046 pervenerant,
1087 966 1124 1030 in

131 1051 264 1117 retinendo
286 1053 361 1117 inro
382 1073 486 1116 rernm
506 1072 636 1116 snaram
654 1053 812 1135 sinpntare
829 1054 879 1116 ins
897 1059 956 1129 est;
979 1074 1123 1136 corpora

131 1134 183 1203 tn
206 1145 306 1206 tamen
328 1141 548 1223 possessionem
576 1142 739 1218 omittant;
766 1162 860 1223 neque
887 1143 969 1206 enim
990 1147 1126 1224 possnnt

130 1227 208 1295 rani
232 1229 356 1312 otiqnid
377 1230 547 1313 possidere,
573 1250 642 1295 enm
665 1231 727 1311 apsi
753 1230 792 1294 ab
814 1231 877 1294 olio
895 1232 1122 1311 possideantur.

128 1318 247 1399 nonita
272 1339 355 1402 erpo,
382 1323 418 1382 nt
442 1319 571 1383 reversis
595 1318 645 1383 iis
666 1339 747 1383 nooa
763 1320 953 1400 possessione
975 1322 1124 1403 opressit,

128 1405 231 1472 mansi
252 1428 341 1472 nemo
362 1408 462 1472 medio
486 1412 617 1489 tempore
638 1428 686 1472 res
708 1427 812 1471 eornm
827 1409 1006 1489 possederit.

197 1507 223 1557 a.
248 1495 330 1560 Item
352 1516 473 1579 qnaero,
495 1497 525 1561 si
546 1497 671 1561 oinaero
694 1496 822 1561 liberam
839 1495 993 1561 hominem
1011 1498 1065 1576 ito,
1088 1503 1125 1561 nt

125 1600 180 1648 arm
192 1586 380 1670 possideam,
401 1606 445 1649 on
467 1586 582 1669 omnia,
604 1606 682 1667 oreae
704 1586 732 1649 is
749 1586 933 1669 possidebat,
955 1607 1007 1669 epo
1018 1587 1122 1668 possi·

124 1670 198 1738 deam
216 1694 274 1756 per
294 1673 394 1738 illam.

71 1846 74 1855 Ι
195 1770 381 1855 Respondit:
412 1771 441 1836 si
470 1772 609 1836 oinaeris
638 1771 791 1836 hominem
819 1772 963 1855 tibernm,
994 1793 1064 1837 enm
1096 1778 1123 1837 te

71 1860 76 1915 ἲ
115 1860 260 1939 possidere
275 1880 340 1925 non
351 1865 438 1943 pato.
469 1862 551 1941 qaod
567 1881 636 1924 enm
653 1861 700 1924 ita
717 1879 748 1924 se
765 1859 881 1942 habeat,
902 1861 998 1925 malta
1017 1863 1122 1927 minas

111 1966 165 2027 per
183 1950 274 2015 iiiam
296 1968 345 2014 res
366 1950 432 2013 eins
452 1970 473 2013 a
491 1949 768 2031 tepossidebnntnr
786 1948 898 2031 [neone
916 1951 998 2013 enim
1015 1970 1120 2014 rernm

113 2041 223 2102 notura
248 2038 369 2120 recipit,
397 2042 433 2103 nt
453 2058 512 2119 per
538 2059 608 2103 enm
635 2037 756 2119 aliquid
776 2039 931 2118 possidere
951 2039 1121 2122 possimos,

111 2144 195 2207 quern
216 2127 348 2192 civiliter
369 2127 405 2191 in
427 2147 495 2191 mea
514 2131 660 2208 potestate
681 2148 745 2192 non
767 2125 889 2209 hobeoJ.

528 2397 635 2457 Liber
658 2397 697 2457 Π.

521 2517 571 2581 De
593 2517 708 2599 lepatis.

195 2642 225 2707 7.
253 2640 293 2704 D.
313 2641 343 2724 7,
364 2643 392 2723 1,
409 2639 461 2706 53.
506 2640 677 2707 Iavolenus
707 2640 791 2704 libro
819 2639 957 2704 secundo
985 2637 1119 2722 Epistu-

100 2720 220 2795 larum.
244 2767 287 2776 -
310 2729 348 2796 Si
370 2733 419 2795 eni
437 2731 557 2795 insntoe
574 2749 649 2794 asns
665 2730 786 2811 frnetns
804 2729 919 2812 lepatns
936 2733 988 2806 est,
1010 2749 1118 2811 qnam-

100 2816 160 2885 dia
178 2819 329 2901 quaelibet
340 2820 443 2901 portio
461 2820 526 2884 eins
543 2819 665 2883 insniae
682 2822 826 2901 remanet,
844 2818 934 2881 totins
950 2817 1010 2881 soti
1027 2837 1120 2883 nsnm

96 2902 244 2979 mnam
264 2908 383 2973 retinet.

195 3005 225 3070 8.
249 3005 289 3069 D.
303 3004 400 3090 33,5,
417 3005 465 3068 15.
503 3004 591 3069 Idem
616 3001 673 3090 (so.
687 3000 873 3089 Iavolenus)
897 3003 981 3067 libro
1005 3024 1116 3067 seeun-

98 3086 144 3161 do
166 3092 402 3179 Epistularum.
433 3129 472 3140 -
500 3092 593 3158 Seroo
619 3095 686 3158 sine
713 3093 848 3157 libertate
873 3093 983 3174 tepaoi,
1010 3092 1118 3155 deinde

97 3185 258 3267 optionem
292 3203 448 3247 serronem
483 3182 608 3247 Moeoio
644 3183 729 3259 neon
769 3183 798 3246 is
834 3182 960 3245 eandem
995 3200 1117 3244 servam

96 3273 230 3428 dpmtzroit.
283 3292 409 3356 qnaero,
445 3292 488 3335 an
522 3272 558 3336 id
592 3292 708 3353 proque
739 3272 821 3352 qnod
851 3271 983 3352 iepatnm
1015 3273 1058 3332 est
1089 3268 1118 3331 ei

192 3366 270 3426 einr.

195 3448 382 3532 Resporndit:
403 3469 467 3514 non
481 3453 555 3530 pnto
576 3448 708 3531 iepatnm
725 3447 819 3514 inias
836 3448 916 3512 serni
933 3445 1058 3511 nomine
1076 3446 1120 3510 od
1185 3507 1187 3512 .

95 3530 267 3605 dominam
287 3538 447 3621 pertenere.
