2422 3976
350 202 376 250 4.
396 195 424 250 C.
439 193 585 249 CASSIUS
603 193 788 250 LONGINUS
1033 195 1073 258 41

62 366 142 424 certe
171 364 253 440 apud
275 363 440 422 Masurium
464 362 610 421 Sabinum
637 363 768 439 primum
790 364 889 423 locum
912 363 1076 423 obtinuisse

60 453 192 514 vidimus
209 444 256 533 (Π
272 455 288 511 1
308 472 337 527 p.
347 443 435 532 449).
472 450 525 511 sed
547 470 615 511 cum
633 452 724 527 capiti
742 453 778 512 de
795 452 955 512 usufructu
972 453 1076 530 legato

60 542 219 620 generalia
232 541 380 618 quaedam
395 541 430 600 de
444 541 553 618 legatis
566 541 732 617 praemissa
742 541 835 601 fnisse
845 543 1077 601 consentaneum

60 631 107 708 sit,
132 650 171 690 ea
193 649 271 708 quae
295 630 332 688 dc
354 630 498 689 codicillis
522 634 553 688 et
576 631 612 689 de
630 631 800 707 legatorum
817 631 977 708 generibus
996 630 1077 706 apud

61 719 201 780 Cassium
224 721 345 780 serrata
368 721 451 794 sunt,
474 719 696 794 praemittenda
717 719 832 795 putavi.

394 896 504 970 Quibus
526 901 599 955 recte
621 897 753 970 ememus,

154 1016 206 1081 16.
230 1014 299 1080 Gai.
309 1015 340 1096 2,
350 1014 424 1080 244.
445 1051 483 1061 -
505 1015 559 1078 An
582 1015 611 1078 ei
636 1016 691 1099 qui
713 1016 746 1079 in
766 1017 928 1098 potestate
947 1015 990 1079 sit
1009 1016 1077 1082 eius

61 1126 157 1190 quem
190 1105 341 1168 heredem
369 1104 585 1182 instituimus,
616 1108 703 1167 recte
731 1105 875 1188 legemus
904 1104 1078 1186 quaeritur.

61 1193 194 1259 Servius
217 1197 303 1257 recte
326 1193 429 1276 legari
451 1196 554 1277 putat,
579 1193 634 1256 sed
659 1213 849 1256 evanescere
873 1191 1027 1276 legatum,
1051 1193 1079 1257 si

61 1304 126 1366 quo
158 1286 306 1364 tempore
338 1281 404 1346 dies
433 1280 617 1365 legatorum
646 1280 756 1345 cedere
784 1281 881 1363 solet,
914 1279 1017 1345 adhuc
1044 1281 1078 1345 in

60 1374 225 1456 potestate
254 1371 297 1434 sit
411 1368 550 1434 Sabinus
579 1373 612 1433 et
641 1367 771 1433 Cassius
800 1369 860 1434 sub
889 1368 1078 1434 condicione

61 1465 149 1525 recte
173 1459 291 1545 legari,
317 1480 397 1542 pure
420 1479 487 1522 non
509 1461 611 1539 recte,
638 1462 768 1542 putant,
796 1458 872 1523 licet
895 1459 981 1522 enim
1005 1458 1078 1522 vivo

61 1551 223 1613 testatore
242 1549 347 1631 possit
367 1547 509 1611 desinere
527 1547 561 1610 in
580 1551 742 1631 potestate
761 1546 889 1611 heredis
908 1568 987 1630 esse,
1006 1547 1077 1612 ideo

61 1642 174 1702 tamen
206 1636 320 1700 inutile
349 1637 494 1720 legatum
521 1635 669 1720 intellegi
697 1640 858 1718 oportere,
891 1636 966 1720 quia
993 1636 1078 1719 quod

61 1727 169 1791 nullas
182 1725 269 1788 vires
283 1724 471 1789 habiturum
484 1723 579 1807 foret,
592 1724 622 1788 si
636 1725 748 1789 statim
760 1728 835 1808 post
844 1729 1074 1789 testamentum

62 1813 188 1879 factum
207 1813 397 1877 decessisset
413 1816 562 1895 testator,
581 1813 643 1879 hoc
660 1813 733 1878 idco
750 1813 869 1898 valere,
886 1813 963 1898 qnia
976 1815 1076 1878 vitam

62 1904 195 1988 longius
217 1903 365 1986 traxerit,
389 1901 564 1966 absurdum
588 1906 681 1968 esset

330 2076 378 2134 Dc
399 2077 490 2150 lcyoto
509 2093 564 2149 per
585 2077 814 2135 vindicationem.

156 2195 205 2259 17.
236 2192 354 2276 Gaio,
371 2195 445 2259 195.
468 2231 511 2240 -
534 2244 564 2259 ..
589 2193 728 2259 Sabinus
757 2243 787 2258 ..
815 2199 848 2259 et
871 2194 1001 2261 Cassius

63 2282 150 2367 qnod
179 2283 226 2347 ita
253 2284 395 2366 legatum
424 2284 467 2347 sit
494 2280 551 2369 (sc.
574 2305 634 2366 per
659 2283 938 2369 vindicationem),
966 2287 1078 2351 statim

62 2376 140 2455 post
164 2370 287 2435 aditam
309 2371 521 2436 hereditatem
544 2376 663 2457 putant
682 2372 751 2437 fieri
769 2373 928 2458 legatarii,
952 2376 1077 2439 etiamsi

62 2462 195 2544 ignoret
223 2460 287 2524 sibi
313 2461 459 2543 legatum
487 2482 572 2540 esse,
600 2460 656 2525 sed
678 2465 890 2545 posteaquam
915 2463 1023 2526 scierit
1047 2468 1080 2527 et

63 2548 264 2632 <spreverit>
293 2549 452 2633 legatum,
480 2549 615 2632 proinde
644 2571 728 2634 esse,
756 2553 851 2634 atque
879 2551 908 2615 si
935 2552 1079 2636 legatum

63 2658 130 2701 non
154 2641 249 2701 esset.

156 2727 207 2791 18.
236 2724 306 2790 Gai.
321 2726 444 2807 2200.
475 2763 512 2772 -
541 2777 570 2792 ..
598 2727 776 2810 quaeritur,
805 2727 889 2812 quod
917 2729 976 2792 sub
1005 2751 1079 2794 con·

66 2814 194 2879 dicione
217 2836 274 2899 per
296 2814 544 2879 vindicationem
569 2815 713 2900 legatum
737 2821 798 2897 est,
824 2816 982 2900 pendente
1005 2839 1079 2883 con·

63 2903 191 2969 dicione
215 2903 305 2967 cuius
328 2906 422 2967 essct.
472 2905 578 2968 nostri
601 2908 829 2988 praeceptores
857 2904 982 2970 heredis
1007 2929 1079 2972 esse

64 2995 185 3076 putant
219 2992 365 3075 exemplo
400 2996 486 3056 statu
518 2992 627 3072 liberi,
659 2994 692 3057 id
721 2999 771 3057 est
799 2994 867 3058 eius
895 2997 992 3078 servi,
1024 2997 1079 3079 qui

64 3084 261 3145 testamento
280 3081 340 3144 sub
360 3081 469 3164 aliqua
488 3081 675 3146 condicione
693 3081 776 3146 liber
799 3104 868 3147 esse
890 3083 997 3150 iussus
1021 3091 1080 3168 est,

65 3191 162 3253 quem
186 3172 316 3233 constat
337 3169 462 3233 interca
484 3169 612 3233 heredis
636 3192 764 3236 serrum
788 3193 867 3236 esse.

334 3343 381 3401 Dc
404 3344 495 3416 leuato
512 3362 568 3418 per
590 3344 813 3405 damnationem.

155 3464 206 3528 19.
230 3461 269 3526 D.
279 3461 373 3548 45‚2,
385 3462 434 3527 17.
476 3461 597 3528 Paulus
620 3463 704 3528 libro
724 3469 837 3528 octavo
857 3465 896 3527 ad
916 3462 1080 3526 Plautium

68 3549 116 3636 (P.
127 3551 240 3635 1158).
257 3589 301 3599 -
319 3550 392 3616 Sive
411 3572 431 3615 a
445 3552 542 3617 certis
556 3553 704 3635 personis
719 3552 873 3616 heredum
886 3551 1080 3615 nominatim
