2422 3976
434 181 458 232 t.
482 174 600 232 'l'I'I'IUS
617 175 751 232 amero
1030 178 1096 244 393

79 362 156 406 nam
176 340 206 405 si
226 339 307 424 quis,
326 338 441 426 inquit,
458 339 595 405 fundum
614 340 695 405 mihi
713 341 892 406 vendiderit
911 345 943 405 et
959 340 1096 407 necdum

81 429 259 495 tradiderit
280 431 314 493 et
335 428 474 511 vicinus,
498 449 571 494 cum
594 451 675 513 opus
697 428 802 495 facere
825 430 922 494 vellet
945 435 977 496 et
1000 432 1098 496 sciret

80 540 132 583 me
165 518 285 583 emisse
317 521 349 582 et
379 517 416 582 iu
446 516 547 583 fundo
575 518 710 602 morari,
742 519 823 584 mibi
851 519 1095 604 denuntiaverit,

80 628 153 672 esse
181 628 256 671 eum
278 608 386 670 tutum
409 606 568 690 futurum,
597 607 682 692 quod
706 607 746 672 ad
771 608 986 692 suspicionem
1010 609 1095 674 clam

79 694 160 762 facti
185 694 293 780 operis
316 694 504 781 pertineret.

431 854 482 921 De
498 857 611 921 domno
634 856 751 937 infecto.

172 962 225 1027 64.
262 960 301 1027 Ι).
325 962 378 1046 39,
401 963 431 1047 2,
455 963 506 1028 28.
562 962 722 1045 Ulpianus
755 962 839 1028 libro
873 964 1095 1048 octogensimo

82 1051 190 1135 primo
220 1050 259 1116 ad
288 1051 429 1116 edictum
458 1047 507 1138 (P.
529 1050 637 1139 1755).
662 1089 703 1098 -
732 1050 770 1116 ln
797 1051 858 1117 hac
886 1052 1096 1137 stipulatione

83 1140 183 1221 venit,
207 1141 320 1224 quanti
343 1161 382 1205 ea
404 1161 456 1204 res
478 1140 547 1205 erit.
589 1145 621 1204 et
639 1141 710 1205 ideo
730 1138 862 1205 Cassius
881 1140 994 1206 scribit
1013 1163 1096 1226 eum,

84 1228 139 1313 qui
173 1227 283 1293 damni
314 1228 428 1294 infecti
460 1229 635 1314 stipulatus
663 1232 726 1314 est,
759 1229 787 1294 si
813 1235 947 1315 propter
974 1234 1096 1295 metum

83 1317 199 1382 ruinae
223 1337 263 1383 ea
285 1317 443 1402 aedificia,
473 1340 608 1402 quorum
631 1317 761 1383 nomine
785 1318 847 1383 sibi
871 1319 969 1403 cavit,
994 1317 1097 1402 fulsit,

85 1404 249 1491 impensas
269 1406 336 1472 eius
356 1408 402 1471 rei
421 1430 459 1471 ex
475 1407 631 1490 stipulatu
646 1408 797 1491 consequi
813 1429 916 1490 posse.
946 1408 1098 1492 idemque

84 1495 164 1560 iuria
187 1516 266 1578 esse,
292 1517 364 1560 cum
387 1498 520 1581 propter
544 1495 658 1560 vitium
682 1496 861 1561 eommunis
884 1497 1018 1579 parietis
1041 1497 1097 1581 qui

86 1582 175 1649 cavit
198 1584 262 1648 sibi
286 1583 394 1649 damni
416 1585 538 1668 infecti,
562 1606 694 1649 onerum
718 1606 828 1649 eorum
851 1585 1097 1650 relevandorum

85 1672 203 1757 gratia,
222 1694 304 1758 quae
322 1673 357 1737 in
374 1674 532 1758 parietem
547 1674 747 1757 incumbunt,
766 1674 910 1740 aedificia
923 1697 981 1739 sua
995 1674 1096 1741 fulsit.

84 1760 120 1825 in
143 1760 256 1826 eadem
281 1783 378 1827 causa
401 1766 451 1826 est
474 1762 702 1827 detrimentum
721 1784 850 1848 quoque
868 1767 1001 1848 propter
1020 1764 1097 1828 emi·

83 1850 267 1935 grationem
295 1851 540 1936 inquilinorum,
568 1852 654 1935 quod
681 1873 721 1916 ex
747 1853 834 1917 iusto
862 1856 951 1917 metu
974 1853 1096 1918 factum

83 1941 144 2004 est.
184 1934 299 2004 Aristo
323 1943 431 2004 autem
446 1988 453 2003 .
469 1989 476 2004 .
491 1990 498 2004 .
514 1940 621 2024 adicit,
645 1940 740 2005 sicuti
763 1940 817 2005 bic
836 1941 938 2025 exigit
956 1940 1096 2023 Cassius,

82 2029 120 2091 ut
145 2026 174 2092 si
196 2025 280 2113 <iis>
303 2028 408 2093 iustus
431 2033 536 2093 metus
560 2029 724 2114 migrandi
748 2051 877 2094 causam
901 2029 1097 2113 praebuerit,

83 2115 133 2180 its
150 2116 187 2181 in
206 2116 274 2180 eius
294 2139 464 2201 personam
484 2117 540 2202 qui
558 2117 651 2182 fulsit
665 2117 776 2182 eadem
792 2116 939 2182 Cassium
953 2115 1098 2182 edicere¹

83 2204 249 2289 debuisse,
273 2207 301 2270 si
324 2205 411 2271 iusto
435 2209 525 2271 metu
547 2207 660 2271 ruinae
683 2206 796 2271 fulcire
820 2210 951 2271 coactus
974 2209 1032 2271 est.

469 2388 520 2448 lV.
544 2432 597 2449 ...
615 2389 716 2448 liber.

175 2513 267 2573 Liber
294 2513 458 2589 Aristonis,
489 2533 579 2590 quem
606 2512 720 2574 Gellius
749 2505 792 2594 (v.
815 2504 908 2593 infra)
938 2511 1096 2592 significat,

84 2602 227 2663 similiter
270 2604 362 2678 atque
404 2601 506 2661 Sabini
548 2602 624 2662 liber
665 2602 701 2661 de
741 2602 832 2660 furtis
875 2620 962 2678 quem
1006 2619 1097 2677 supra

81 2691 165 2752 idem
188 2690 305 2750 Gellius
332 2690 450 2767 laudat,
477 2691 631 2767 proprium
654 2691 831 2767 opuseulum
851 2689 972 2749 videtur
995 2690 1097 2767 fuisse,

83 2779 224 2859 quamvis
260 2780 369 2839 titulus
405 2799 466 2840 non
497 2781 632 2839 addatur.
686 2780 863 2840 Mommseni
895 2779 1097 2838 coniecturam

82 2889 111 2946 p.
133 2870 198 2930 475
227 2869 407 2943 suspicantis
438 2866 568 2928 Gellium
594 2867 745 2928 Aristonis
772 2870 859 2927 notas
887 2867 925 2926 ad
954 2867 1097 2927 Sabinum

82 2957 243 3034 respicere,
265 2957 404 3035 Krueger
426 2978 453 3033 p.
476 2959 538 3018 164
561 2977 590 3016 n.
610 2959 669 3017 151
694 2956 746 3016 vir
768 2956 953 3032 probandam
974 2956 1096 3016 iudicat.

175 3039 256 3105 Gell.
274 3041 389 3125 11,18,
406 3043 454 3106 16.
479 3077 523 3087 —
546 3040 724 3106 ..memini
748 3039 856 3124 legere
880 3062 931 3104 me
954 3040 988 3103 in
1012 3039 1096 3103 libro

83 3130 251 3195 Aristonis
273 3130 494 3212 iureconsulti,
515 3129 758 3214 hautquaquam
776 3129 898 3193 indocti
917 3129 987 3211 viri,
1011 3127 1095 3210 apud

82 3222 210 3286 veteres
221 3218 412 3304 Aegyptios,
427 3218 511 3303 quod
522 3239 622 3302 genus
637 3218 804 3282 hominum
819 3220 949 3283 constat
964 3215 1038 3280 etin
1049 3238 1098 3280 ar-

82 3307 173 3373 tibus
189 3307 383 3390 reperiendis
397 3309 545 3373 sollertes
555 3307 700 3372 extitisse
711 3310 744 3371 et
753 3307 786 3370 in
797 3305 981 3391 cognitione
992 3325 1097 3369 rerum

82 3396 271 3482 indaganda
290 3416 434 3481 sagaces,
452 3395 540 3461 furta
555 3396 663 3469 omnia
676 3395 776 3461 fuisse
790 3395 881 3460 licita
896 3397 927 3458 et
942 3393 1097 3478 inpunita.

158 3559 174 3606 1
194 3551 241 3609 ΡΙ.
261 3551 363 3608 dicere.
