2422 3976
494 169 519 220 8.
538 163 714 220 VIVIANUS

439 328 490 394 De
511 330 626 394 domno
649 330 769 411 infecto.

184 441 221 502 of.
240 440 353 501 Iuliani
374 440 487 500 librum
509 439 612 498 LVIII
633 440 666 499 P.
683 442 757 501 739.

188 526 240 592 11.
259 525 299 592 D.
309 525 361 609 39,
371 526 402 609 2,
411 526 464 608 24,
474 525 504 588 9.
544 522 635 588 Idem
655 522 713 608 (sc.
728 522 903 612 Ulpianus)
924 527 1008 590 libro
1028 530 1113 593 octo·

104 614 242 699 gensimo
265 614 371 699 primo
395 613 436 678 ad
459 613 600 678 edictum
618 611 667 696 (P.
679 611 790 698 1753).
809 650 852 661 —
871 663 897 680 ..
920 614 1005 699 apud
1024 614 1113 680 Vivi-

104 725 196 768 anum
219 703 359 768 relatum
383 705 442 785 est,
466 703 493 766 si
517 723 556 765 ex
577 721 655 786 agro
674 701 771 766 vicini
791 704 922 768 arbores
942 705 975 768 vi
993 707 1113 789 tempe·

103 793 193 858 stetis
230 791 417 857 confractae
450 791 483 854 in
515 811 623 854 meum
657 811 772 876 agrum
804 791 981 856 deciderint
1012 812 1113 876 eoque

101 879 182 947 fecto
213 879 335 945 vitibus
364 880 445 944 meis
473 878 524 943 vel
553 879 719 965 segetibus
747 883 865 945 nocent
890 880 944 945 vel
967 880 1114 947 aedificic

101 969 291 1050 demoliunt,
328 967 573 1051 stipulationem
605 969 718 1052 istum,
752 970 786 1033 in
819 991 883 1053 quc
915 969 994 1034 hoec
1027 992 1113 1034 com-

99 1057 340 1142 prehenduntur
367 1055 408 1121 ‘si
436 1056 511 1141 quid
535 1057 686 1121 arborum
709 1059 813 1122 locive
836 1057 917 1122 vitio
941 1058 1113 1138 occiderit',

99 1168 159 1213 non
182 1168 255 1212 esse
278 1146 403 1230 utilem,
428 1146 593 1230 quianon
616 1145 768 1210 arborum
792 1147 882 1232 vitio,
906 1146 961 1212 sed
984 1147 1017 1211 vi
1039 1169 1114 1212 ven·

98 1239 202 1301 torum
233 1234 387 1299 damnum
415 1233 496 1297 mihi
523 1234 634 1298 datum
663 1237 722 1300 est.
772 1235 869 1318 plane
897 1237 925 1299 si
953 1238 1114 1300 vetustate

101 1325 249 1390 arborum
283 1323 346 1387 hoc
374 1323 487 1407 fiebat,
518 1344 691 1407 possumus
720 1324 824 1389 dicere
852 1325 933 1389 vitio
962 1325 1114 1388 arborum

100 1412 252 1478 domnum
275 1411 356 1476 mihi
379 1410 458 1476 dari.
1178 1452 1185 1460 ,

184 1503 238 1567 12.
256 1499 338 1564 Ibid.
349 1501 369 1580 ξ
382 1500 432 1565 10.
446 1536 488 1546 -
503 1498 593 1564 Idem
613 1500 669 1583 ait,
688 1501 715 1565 si
734 1501 846 1566 damni
859 1501 972 1566 infecti
987 1502 1114 1566 aedium

100 1611 244 1657 meorum
271 1589 403 1654 nomine
430 1589 493 1653 tibi
520 1589 713 1675 promisero,
742 1590 854 1655 deinde
880 1591 941 1655 hae
965 1591 1059 1656 sedes
1082 1590 1115 1654 vi

97 1677 362 1764 tempestatium
385 1682 443 1742 tua
466 1677 612 1743 aedificis
635 1678 809 1747 ceciderint
830 1702 929 1765 eaque
948 1679 1115 1756 diruerint‚

97 1769 177 1834 nihil
196 1790 238 1833 ex
256 1788 296 1831 eu
314 1765 523 1849 stipulatione
541 1767 709 1851 praestari,
728 1769 803 1853 quis
820 1771 944 1834 nullum
961 1769 1114 1839 damnum

97 1858 175 1923 vitio
209 1877 357 1922 mearum
391 1855 520 1921 sedium
553 1855 616 1920 tibi
647 1857 810 1942 contingit
844 1859 919 1940 [nisi
953 1858 1037 1923 forte
1067 1858 1115 1921 itu

99 1945 237 2012 vitiosae
264 1965 356 2008 meae
384 1944 479 2009 sedes
507 1943 642 2029 fuerint,
669 1950 707 2011 ut
735 1946 879 2030 qualibet
905 1948 956 2012 vel
981 1946 1115 2010 minima

97 2037 292 2119 tempestate
315 2035 466 2114 ruerentl.

273 2160 336 2255 Qui
357 2173 467 2240 absens
488 2176 604 2241 iudicio
626 2175 768 2256 defessus
789 2198 853 2241 nou
875 2179 943 2242 erit.

184 2282 240 2347 13.
271 2278 310 2345 D.
325 2281 355 2363 4,
370 2281 400 2364 6,
414 2281 467 2358 35,
482 2281 512 2345 9.
556 2280 679 2346 Paulus
707 2281 791 2346 libro
819 2283 916 2347 tertio
945 2282 986 2346 ad
1008 2285 1114 2365 legem

98 2368 214 2436 Iuliam
243 2372 276 2434 et
302 2368 439 2453 Papiam
466 2368 515 2452 (P.
530 2367 619 2456 939).
644 2407 686 2416 -
709 2368 869 2436 Visiunus
899 2371 1009 2435 scribit
1036 2369 1114 2434 Pro-

99 2460 206 2525 culum
228 2457 437 2542 respondisse
460 2459 611 2543 militem,
634 2460 690 2543 qui
714 2463 895 2524 commeatu
920 2460 1015 2542 absit,
1039 2459 1115 2522 dum

97 2549 229 2614 domum
263 2546 353 2611 vadit
386 2551 443 2611 aut
474 2547 570 2629 redit,
602 2549 648 2612 rei
680 2548 830 2633 publicae
863 2569 960 2612 causa
992 2548 1115 2631 abesse,

99 2636 173 2702 dum
197 2636 285 2701 domi
310 2635 366 2720 sit,
388 2657 454 2699 non
478 2635 601 2701 abesse.

539 2797 624 2865 Unde
646 2798 686 2862 oi.

185 2907 223 2968 of.
242 2906 355 2966 Iuliani
376 2906 488 2964 librum
510 2906 641 2966 XLVIII
663 2907 696 2966 P.
712 2909 895 2970 656-659.

188 2992 240 3057 14.
265 2990 302 3054 D.
317 2991 371 3074 43,
387 2990 439 3074 16,
456 2991 484 3072 1,
498 2990 550 3054 41.
596 2990 756 3074 Ulpianus
781 2992 865 3057 libro
890 2994 1114 3078 sexagensimo

97 3100 183 3146 nono
207 3079 249 3144 od
272 3078 412 3144 edictum
431 3075 481 3165 (P.
498 3077 606 3165 1529).
629 3115 666 3126 -
688 3077 764 3144 Non
786 3082 888 3144 solum
910 3129 934 3145 ..
953 3082 1116 3146 fructuum

96 3169 183 3234 ratio
210 3167 246 3232 in
273 3167 336 3231 hoc
362 3166 534 3232 interdicto
563 3164 621 3254 (sc.
639 3168 724 3233 unde
751 3166 798 3254 vi)
826 3170 977 3252 habetur,
1004 3191 1116 3234 verum

96 3262 281 3322 ceterarum
317 3257 415 3323 etism
452 3256 643 3321 utilitatium
681 3257 829 3322 habenda
862 3263 921 3325 est.
974 3280 1051 3321 nam
1084 3264 1117 3321 et

98 3343 261 3410 Vivisnus
286 3344 386 3409 refert
407 3346 442 3409 iu
465 3346 527 3409 hoc
551 3346 722 3411 interdicto
747 3348 870 3430 omniu,
899 3368 1116 3431 quaecumque

98 3434 274 3499 habiturus
301 3434 352 3497 vel
375 3433 586 3498 adsecuturos
610 3439 680 3499 erat
703 3436 731 3499 is
755 3435 809 3519 qui
833 3436 974 3500 deiectus
998 3439 1060 3517 est,
1089 3435 1117 3498 si

99 3524 134 3589 vi
170 3522 311 3588 deiectus
340 3543 407 3587 non
434 3527 533 3605 esset,
565 3521 694 3588 rest'tui
722 3531 779 3589 sut
805 3545 916 3588 eorum
944 3522 1118 3607 <nomine>
