2422 3976
375 175 416 226 11.
436 167 608 225 CANINIUS
627 168 779 226 REBILUS
1016 169 1079 234 197

344 350 394 416 De
415 351 558 416 interdici
546 355 575 416 to
590 351 801 434 possessorio?

159 475 186 539 4.
213 473 252 540 D.
271 476 326 558 42,
344 475 375 558 5,
394 475 447 540 29.
495 474 616 539 Ρ44144
647 475 732 541 libro
765 474 948 559 4414444441
976 475 1080 560 legem

96 553 183 627 lulium
207 567 240 627 44
262 524 398 648 Pupiuhn
421 559 472 650 (P.
486 562 643 650 957).—
600 563 809 628 —Fufidius
832 563 933 628 refert
955 567 1080 630 statuas

96 643 120 709 411
146 648 268 734 publico
305 653 430 735 positas
467 653 561 717 bonis
599 653 743 718 distreot'
719 657 762 717 444
799 653 881 735 eius,
917 654 1008 716 cuius
1046 654 1082 716 in

96 731 224 835 honorem
256 742 383 824 positae
415 743 505 826 4444,
535 763 601 805 444
633 761 703 805 4444
736 703 902 842 emptoris
922 742 1080 805 bonorum

96 822 156 905 eins,
183 828 240 894 sed
272 834 329 894 444
361 829 522 913 publices,
555 830 583 893 si
616 829 752 894 ornandi
784 828 953 913 municipii
984 850 1082 895 44444

96 876 193 993 4441444
217 914 298 1000 sini,
326 920 384 982 444
406 919 485 1000 4144,
508 918 597 982 cuius
620 916 655 982 14
677 918 834 984 honorem
856 918 982 1002 positae
1006 916 1081 999 4144,

97 1002 120 1062 44
135 1006 215 1072 44114
239 969 334 1071 modo
359 1029 412 1070 ees
437 1006 563 1071 detrahi
586 1029 692 1090 posse.

160 1114 413 1191 4414414145.
458 1112 623 1178 ‘Bonorum
650 1132 767 1194 quoqne
789 1114 918 1194 emphori
941 1118 1082 1178 similiter

96 1208 245 1278 proponitur
261 1206 455 1266 interdictum
470 1199 525 1288 (so.
539 1207 746 1283 adipiscendae
760 1199 982 1289 possessionis),
1000 1208 1082 1283 quod

96 1289 190 1362 quidun
211 1296 428 1372 possessorium
450 1288 574 1355 noount'.

160 1383 199 1444 De
222 1385 332 1444 4444414
356 1399 472 1461 eornm,
498 1385 549 1461 qui
571 1382 698 1460 relegahi
721 1388 793 1444 4444
815 1404 851 1444 ex
875 1398 966 1444 44444
988 1384 1080 1444 maie·

96 1465 173 1548 144414,
194 1466 409 1532 ‘detrehendis'
433 1470 477 1532 414
499 1470 684 1533 Modestinus
708 1472 744 1535 D.
759 1476 811 1547 48,
827 1477 877 1550 19,
895 1468 944 1533 24.

299 1767 359 1850 ll.
396 1766 624 1845 onnlnlns
653 1768 854 1845 REBILUS

160 1911 236 1975 111144
264 1915 394 1976 44444114
421 1916 486 1976 suff.
506 1916 606 1993 412,
638 1916 702 1993 ipse
729 1918 833 1976 consul
860 1928 938 1977 4444
964 1914 1080 1978 1444444

96 1981 193 2099 [qnippe
221 2018 311 2082 quem
337 2003 447 2064 Seneca
472 2000 508 2064 de
532 2002 596 2065 ben.
614 2007 642 2082 2,
658 2004 708 2083 21,
724 2007 742 2065 5
767 2004 953 2067 consularem
978 2001 1080 2086 (114444

96 2068 131 2141 14
141 2087 271 2152 libidines
285 2090 473 2153 muliebriter
486 2088 628 2166 infamis’,
643 2089 769 2154 4444144
771 2108 806 2154 44
821 2110 928 2174 aegrae
944 2112 1029 2155 44444
1031 2098 1080 2154 hae

96 2170 162 2237 41144
182 2201 234 2256 per
256 2200 349 2241 venus
357 2182 517 2295 'sunguine
537 2177 654 2260 41144
678 2196 704 2243 4.
720 2181 771 2244 56.
809 2183 876 2242 Τ44.
888 2199 954 2242 ann.
968 2186 1017 2259 13,
1029 2184 1080 2244 30

161 2268 355 2329 Rebilumh
324 2270 417 2329 441444
444 2265 534 2346 perit
535 2271 565 2330 14
587 2266 700 2349 legum’
725 2292 759 2332 ex
783 2271 963 2347 primoribus
987 2273 1080 2331 141444

96 2338 356 2418 henamensis.
380 2360 481 2418 referh.
528 2358 732 2436 deresponsis
755 2361 818 2420 eius
841 2361 917 2419 nihil
939 2360 1079 2419 44441444.
