2422 3976
98 209 147 267 HL
167 208 265 276 QUAE
285 210 537 278 QUAERUNTUR
557 209 627 267 VEL
645 210 883 269 DUBPTANTUR
901 213 1065 279 ΕΤΟ.569

476 373 526 440 De
547 394 644 440 censa

142 488 172 554 3.
196 485 325 554 Dosith.
355 490 404 555 17.
433 526 474 537 -
503 489 623 575 Magna
651 543 657 556 .
683 541 689 553 .
718 490 875 555 dissensio
904 496 953 556 est
983 492 1068 558 inter

61 577 188 663 peritos,
210 581 318 643 utrum
342 600 380 643 eo
404 583 548 662 tempore
571 579 655 643 vires
683 577 850 663 accipiant
867 581 984 661 omnia,
1007 602 1067 663 quo

61 668 88 731 ire
107 688 207 731 censu
225 671 369 750 apantw,
391 687 434 732 ore
449 689 491 732 eo
510 671 656 751 tempore
675 690 738 751 quo
757 668 895 733 lustrum
916 670 1068 733 conditur

74 804 106 820 ..
135 755 220 839 quod
251 755 324 820 ideo
353 756 534 840 quaesitum
568 760 630 836 est,
663 757 815 841 quoniam
849 758 958 823 omnia
989 779 1068 840 poue

61 847 88 908 n
111 865 210 908 censu
233 847 374 929 aguntur
396 845 501 909 lustro
525 845 763 909 confirmantur.

361 1029 388 1086 2.
413 1026 465 1086 Aa
487 1027 543 1086 ius
566 1028 756 1103 privatum.

391 1169 416 1209 a.
440 1151 489 1208 De
513 1151 593 1210 iure
617 1151 726 1211 civili.

332 1259 383 1326 De
404 1262 598 1343 adquirenda
619 1261 789 1327 hereditate.

141 1375 171 1440 4.
196 1373 234 1439 D.
261 1375 314 1459 29,
342 1376 373 1458 2,
400 1375 444 1440 24
471 1398 518 1459 pr.
563 1375 725 1460 Ulpianus
753 1377 837 1442 libro
861 1378 1001 1461 septimo
1026 1379 1066 1442 ad

61 1462 221 1530 iabinum.
247 1462 388 1528 -Fuit
416 1465 624 1550 quaestionis,
653 1487 695 1529 an
722 1488 781 1549 pro
809 1465 925 1530 herede
954 1488 1065 1552 gerere

61 1552 214 1705 rideptur,
251 1552 306 1636 qui
337 1553 478 1636 pretium
510 1554 699 1618 hereditatis
735 1554 931 1619 omittendae
968 1578 1086 1620 causa,

61 1663 127 1726 „Pl
142 1737 186 1802 ‘et
209 1743 340 1819 optinuit
362 1744 441 1802 hunc
463 1763 517 1821 pro
541 1745 650 1812 herede
670 1792 698 1804 ..
722 1764 782 1804 non
804 1765 909 1823 gerere
925 1794 931 1806 .
947 1740 967 1806 .'

359 1898 408 1963 De
431 1899 573 1981 lepitimis
594 1899 760 1964 heredebus,
797 1920 799 1926 ⁴

142 2012 173 2078 5.
196 2011 266 2078 Gai.
290 2013 320 2094 3,
342 2014 391 2078 16.
413 2047 451 2060 -
473 2015 545 2077 ..si
564 2014 707 2078 defuncti
725 2014 831 2079 nullus
849 2014 951 2079 frater
971 2019 1066 2099 extet,

61 2101 154 2186 (sed)
176 2103 243 2166 sint
266 2101 361 2165 liberi
383 2101 531 2187 fratrum,
554 2101 594 2165 ad
618 2124 729 2167 omnes
756 2103 883 2186 quidem
903 2104 1064 2168 hereditas

61 2192 203 2275 pertinet.
253 2189 309 2254 sed
333 2191 513 2273 quaesitum
537 2193 596 2273 est,
628 2191 656 2255 si
679 2191 801 2274 dispari
823 2192 906 2255 forte
929 2214 1064 2256 numero

61 2280 119 2344 rint
140 2279 221 2360 nati,
248 2281 286 2342 ut
308 2300 347 2342 ex
370 2301 433 2343 uno
457 2301 540 2343 unus
563 2280 614 2343 vel
638 2279 710 2363 duo,
734 2302 772 2346 ex
797 2280 899 2345 altero
922 2285 988 2345 tres
1012 2282 1064 2346 vel

61 2371 220 2452 puattuor,
257 2371 364 2431 utrum
400 2369 434 2431 in
467 2368 585 2452 stirpes
618 2367 786 2433 dividenda
820 2370 862 2433 sit
893 2369 1065 2448 hereditas,

61 2457 136 2522 sicut
153 2457 239 2519 inter
258 2477 332 2520 suos
355 2456 489 2520 heredes
512 2457 591 2521 iuris
616 2462 674 2542 est,
698 2481 740 2523 an
761 2459 869 2541 potius
892 2459 926 2522 in
950 2460 1065 2543 capita.

140 2557 178 2617 cf.
201 2557 242 2636 Π,
267 2561 283 2617 1
309 2578 338 2634 p.
361 2560 434 2618 431.

141 2660 172 2725 6.
195 2656 265 2722 Gai.
293 2659 328 2744 3,
355 2659 407 2724 87.
436 2695 474 2707 -
502 2657 584 2723 Suus
614 2682 646 2726 .:
675 2664 708 2723 et
741 2661 938 2724 necessarius
971 2661 1065 2724 heres
1144 2703 1147 2708 -

61 2770 94 2812 an
119 2747 242 2832 aliquid
267 2751 367 2832 agant
389 2748 424 2811 in
447 2748 515 2811 iure
539 2748 680 2813 cedendo
704 2749 874 2832 quaeritur.

141 2850 178 2911 ef.
200 2870 228 2925 p.
254 2851 304 2909 39.

151 3052 154 3058 «
253 3002 303 3069 De
326 3005 413 3069 bouis
435 3003 622 3069 Latinorum
646 3006 865 3070 lebertiuorum.

143 3121 172 3183 7.
196 3117 266 3183 Gai.
284 3120 314 3203 3,
334 3122 384 3184 71.
405 3156 443 3165 —
466 3169 494 3182 ..
515 3120 678 3203 quaeritur
700 3143 741 3183 an
759 3120 821 3184 hoc
841 3125 971 3183 senatus
991 3142 1064 3184 con·

61 3209 175 3274 cultu-m
198 3207 255 3292 (sc.
274 3207 358 3290 quod
377 3207 469 3292 Lupo
489 3213 521 3273 et
534 3208 642 3292 Largo
661 3209 847 3274 consulibus
862 3209 983 3274 factum
1002 3211 1065 3294 eet)

61 3297 93 3362 sd
116 3318 173 3362 eos
196 3297 325 3381 patroni
348 3296 467 3361 liberos
490 3297 660 3381 pertineat,
688 3298 743 3381 qui
771 3319 811 3362 ex
838 3297 904 3361 filia
929 3300 1065 3381 nepteve

61 3389 271 3470 procreantur,
294 3385 328 3448 id
351 3391 402 3449 est
424 3388 461 3449 ut
483 3407 581 3469 nepos
612 3408 701 3449 meus
730 3408 769 3449 ex
795 3386 862 3450 filia
889 3386 999 3468 potior
1023 3387 1067 3450 sit

61 3496 88 3538 n
128 3474 225 3539 bonis
258 3472 366 3537 Latini
401 3475 464 3538 mei
496 3496 593 3557 quam
626 3478 796 3538 extraneus
829 3474 932 3539 heres.
987 3475 1065 3538 item

61 3562 138 3647 (an)
175 3563 214 3626 ad
252 3567 415 3626 maternos
452 3562 586 3628 Latinos
622 3562 685 3629 hoc
720 3566 857 3629 senatus
889 3563 1086 3627 causeum
