2422 3976
151 181 186 237 V.
206 180 305 248 QUOD
326 181 496 248 ‘melsun’
517 180 589 236 VEL
610 181 744 237 ‘VULGO
763 181 931 238 DICITUR’.
980 183 1045 247 589

316 349 344 410 b.
374 349 427 409 Ao
449 349 506 409 ias
528 350 757 426 praetorium.

440 467 491 534 De
505 469 635 552 poentio.

121 583 174 648 20.
196 581 236 648 D.
261 584 312 666 15,
336 585 365 666 1,
388 584 441 649 51.
487 582 641 649 Scaevola
664 585 746 648 libro
776 585 914 650 seeundo
941 584 1044 661 Quae-

69 673 184 738 ionum.
210 707 249 719 -
349 672 479 757 dieitur,
507 675 536 737 si
558 695 630 739 oum
659 694 722 738 uno
746 696 785 737 ex
809 673 905 738 sociis
929 678 1045 758 agatur

69 783 88 826 r.
99 761 139 825 de
153 757 306 848 paculio),
320 761 504 826 universnm
519 763 681 846 peculium
694 763 955 847 computandum,
969 764 1045 847 quia

69 873 75 915 t
97 871 172 914 cum
193 850 282 915 socio
305 850 399 915 aetio.

320 1008 371 1074 De
393 1010 540 1074 tonornm
561 1011 760 1095 separatione.

119 1116 173 1180 21.
196 1113 235 1180 D.
258 1115 312 1197 42,
335 1117 364 1198 6,
389 1116 417 1198 1,
443 1116 492 1181 13.
538 1115 697 1200 Ulpianus
721 1117 805 1181 libro
820 1117 1044 1201 sexagensimo

69 1207 147 1268 tarto
172 1202 212 1268 ad
233 1204 381 1269 edietum.
394 1241 438 1251 —
453 1253 482 1268 ..
502 1204 618 1269 dieitur
635 1211 711 1289 post
731 1207 868 1269 multum
888 1207 1044 1289 temporis

69 1291 269 1376 parationem
292 1293 458 1376 impetrari
480 1315 547 1358 non
569 1315 672 1377 posse.

334 1451 383 1517 Do
405 1453 516 1535 duplae
537 1454 740 1535 stipulatione.

120 1567 174 1632 22.
202 1566 241 1631 D.
269 1568 321 1649 21,
349 1569 378 1650 2,
408 1569 459 1649 16,
489 1569 516 1632 1.
563 1568 761 1653 Pomponius
789 1569 872 1633 libro
895 1590 980 1633 nono
1006 1569 1047 1633 ad
1079 1645 1080 1648 Ἴ

69 1655 197 1720 ὼίηιιω.
220 1691 264 1703 -
287 1656 414 1740 Duplae
438 1657 605 1740 stipulatio
629 1658 789 1722 committi
813 1657 929 1722 dieitur
958 1661 1044 1742 tune,

69 1766 104 1808 m
132 1765 184 1809 res
208 1743 357 1809 rostItuta
384 1748 435 1809 est
460 1745 607 1829 petitori,
634 1746 686 1810 vol
709 1746 880 1811 damnatus
909 1752 958 1810 est
977 1747 1046 1811 litis

69 1831 270 1919 estimatione,
295 1833 343 1898 vel
366 1854 533 1917 possessor
556 1835 597 1898 ab
622 1837 765 1918 emptore
790 1838 965 1900 conventus
991 1836 1048 1900 ab·

68 1921 157 1987 lutus
182 1925 239 1986 est·
387 2010 437 2076 De
458 2012 686 2093 enoeptionotns.

121 2116 173 2181 23.
192 2114 232 2182 D.
250 2117 303 2198 44,
321 2117 351 2201 4,
370 2117 400 2201 4,
414 2118 465 2183 21.
498 2116 656 2202 Ulpianus
676 2117 761 2183 libro
782 2117 1043 2203 septuagensimo

69 2208 124 2270 xto
149 2204 189 2268 ad
217 2203 365 2272 edictum.
391 2242 429 2251 -
530 2206 670 2270 traditur
699 2206 746 2270 rei
774 2206 902 2289 quidem
930 2206 1045 2271 cohae-

69 2298 159 2359 ntem
179 2294 400 2377 exceptionem
419 2294 517 2359 etiam
537 2295 676 2378 emptori
693 2317 818 2379 nouere,
837 2317 907 2359 eam
926 2298 1044 2378 autem,

69 2404 115 2448 raa
140 2404 179 2446 ex
198 2381 312 2447 delicto
332 2404 489 2466 personae
509 2384 640 2468 oriatur,
661 2405 777 2448 nouere
795 2405 862 2448 non
882 2387 1043 2468 oportere.

181 2576 208 2632 2.
239 2572 336 2643 Quod
361 2568 484 2652 ‘vulgo
508 2570 660 2633 dieitur'
684 2575 902 2653 similiaque.

376 2701 404 2757 1.
431 2698 485 2756 Ad
507 2699 563 2758 ius
587 2700 705 2760 civile.

411 2808 462 2872 De
484 2814 667 2874 testamentis

123 2917 151 2980 1.
184 2914 222 2978 D.
255 2916 312 2997 28,
346 2915 380 2992 2,
420 2916 475 2997 14,
514 2915 541 2979 1.
597 2915 769 2979 Africanus
806 2916 891 2980 libro
929 2919 1046 2998 quarto

69 3004 274 3070 uaestionum.
301 3039 337 3048 -
369 3005 513 3087 ..vulgo
537 3003 656 3068 dieitur
679 3026 751 3068 eum
775 3004 920 3088 gradum,
943 3025 1045 3087 aquo

69 3095 120 3158 ius
145 3091 413 3176 praeteritussit,
436 3114 502 3156 non
527 3094 643 3156 valore.

445 3251 495 3316 De
518 3252 630 3334 tepolis.

121 3359 152 3424 2.
176 3357 215 3422 D.
243 3356 295 3436 35,
323 3357 352 3435 2,
382 3357 432 3439 11,
462 3357 491 3422 5.
537 3357 621 3422 Item
645 3358 702 3442 (sc.
726 3354 937 3443 Papinianus)
960 3357 1046 3422 libro

69 3447 188 3514 uesimo
220 3467 306 3511 nono
336 3444 578 3521 Quaestionum.
605 3483 646 3492 —
681 3447 834 3531 ..vulgo
863 3445 980 3510 dieitur
1012 3448 1046 3510 in

68 3536 156 3601 bulis
179 3535 282 3619 patris
307 3538 340 3598 et
361 3535 422 3597 filii
445 3558 542 3599 unam
567 3525 740 3599 Falcidiam
765 3536 896 3599 servari.
