2422 3976
92 179 160 243 462
196 179 229 233 V.
249 177 399 232 NERVAE
420 177 465 231 ET
483 175 635 230 TRAIANI
653 176 759 233 TEMP.
779 176 875 232 IURJS
896 176 1079 232 CONSULTI

187 342 236 406 14.
274 341 311 404 D.
331 341 383 420 21,
402 341 432 418 2,
451 339 502 404 60.
560 339 732 404 Iavolenus
768 340 853 404 libro
891 340 1034 404 seeundo
1071 361 1107 404 ex

96 432 235 496 Plautio.
261 465 298 474 --
323 428 360 494 Si
387 430 423 493 in
450 430 620 494 venditione
646 429 760 493 dietnrn
787 430 930 507 nonsit,
958 434 1108 510 qnantum

95 520 280 584 venditorern
298 538 356 600 pro
376 518 518 582 eoietione
530 521 691 598 praestare
707 522 851 601 oporteat,
873 518 955 582 nibil
973 519 1108 583 venditor

89 608 260 692 praestabit
275 611 401 688 praeter
417 607 563 687 simplam
580 607 734 670 eaietionis
752 608 875 670 nomine
893 611 923 671 et
939 626 978 672 ee
995 611 1107 671 notnro

95 718 133 762 ea
154 701 252 778 ernpto
274 696 403 760 aetianis
424 695 479 759 boo
500 696 582 776 qnod
602 696 735 760 interest.

353 837 402 901 De
423 837 581 901 aerbornrn
604 837 844 919 obtipationibns.

187 944 237 1009 15.
262 943 300 1008 D.
315 943 367 1025 45,
382 945 412 1026 3,
427 944 478 1008 34.
514 942 686 1008 Iavolenus
700 943 784 1007 libro
799 943 941 1008 seeundo
957 943 999 1008 ad
1014 943 1104 1008 Plau-

95 1034 187 1099 tium.
205 1070 242 1078 -
258 1031 296 1096 Si
313 1053 417 1097 snons
432 1036 607 1096 testamento
620 1032 837 1115 rnannnrissns,
851 1053 921 1096 enrn
935 1051 967 1096 se
981 1032 1104 1097 liberam

95 1142 157 1188 esse
179 1123 335 1204 ipnoraret
356 1126 385 1186 et
407 1123 441 1184 in
458 1141 554 1186 eausa
571 1121 759 1185 hereditario
777 1126 923 1203 moneret,
942 1122 1103 1203 peennion

94 1211 198 1276 berecti
224 1211 389 1292 stipulatas
412 1214 467 1288 est,
493 1209 574 1274 nibit
596 1209 747 1274 debebitur
768 1209 942 1287 heredibus,
969 1211 1000 1274 si
1021 1211 1102 1274 rnodo

94 1301 220 1365 scierint
250 1320 318 1363 earn
346 1304 521 1363 testamento
549 1299 788 1380 rnonnrnissnrn,
819 1299 896 1380 qnia
922 1319 989 1363 non
1011 1302 1103 1380 potest

95 1390 193 1453 oiebai
219 1389 333 1452 instarn
360 1389 531 1452 seroitnteni
557 1388 684 1470 servisse
708 1389 762 1464 iis,
788 1389 843 1468 qni
865 1387 956 1452 ittnrn
981 1388 1100 1452 tiberin

95 1497 156 1542 esse
183 1498 245 1541 non
271 1476 462 1559 ipnorabant.
507 1477 602 1541 otistat
621 1478 650 1541 is
672 1474 710 1541 a1
732 1497 827 1541 conso
849 1477 928 1554 eins,
956 1478 1013 1557 qni
1034 1475 1100 1540 tiber

95 1571 213 1647 ernptns
236 1566 314 1630 bona
335 1566 395 1643 fiete
416 1566 517 1649 servit,
539 1567 615 1646 qnia
636 1567 672 1629 in
694 1585 726 1629 eo
748 1569 776 1629 et
798 1565 896 1646 ipsias
920 1565 1098 1646 etemptoris

95 1655 281 1719 existimatio
298 1655 452 1718 consentit.
479 1659 608 1719 eeternrn
622 1655 659 1739 is,
676 1655 730 1736 qni
742 1654 800 1718 seit
810 1652 965 1718 borninern
980 1654 1097 1718 tiberin

95 1763 165 1822 esse,
186 1744 327 1824 quanvis
349 1743 401 1807 itte
423 1743 627 1808 eonotieionern
644 1764 735 1807 saarn
753 1743 878 1827 ipnoret,
901 1763 940 1807 ne
954 1743 1096 1824 possidere

95 1832 217 1915 quidem
240 1852 309 1896 enni
326 1836 426 1913 potest
446 1832 550 1896 rideri.

509 2014 616 2073 Liber
639 2014 693 2073 ΙΙΙ.

354 2115 403 2180 De
425 2116 584 2180 verboram
607 2115 847 2198 obtipotionibns.

186 2224 235 2288 16.
260 2223 297 2285 D.
312 2221 365 2300 45,
379 2223 409 2305 2,
423 2223 453 2286 2.
494 2221 664 2285 Iavolenus
688 2223 771 2285 libro
790 2222 889 2284 tortio
910 2244 949 2284 ex
969 2219 1091 2284 Plautio.

95 2349 138 2357 —
158 2310 237 2377 Cane
255 2313 315 2375 dieo
334 2313 459 2375 ear-ntem
472 2311 637 2391 peonniarn
656 2315 712 2374 ont
723 2311 926 2391 promiserint
944 2315 1001 2374 ont
1012 2311 1092 2390 stipt-

96 2402 154 2464 tati
184 2406 268 2479 snnt,
300 2402 366 2482 ipso
397 2401 465 2463 inre
491 2404 519 2463 et
543 2399 661 2481 sinpnti
681 2400 722 2463 in
748 2399 881 2462 solidani
909 2400 1051 2463 debentne
1072 2397 1093 2457 et

94 2491 210 2572 sinpnbi
228 2489 346 2565 debent;
366 2489 488 2570 ideoqne
499 2488 643 2570 petitione
656 2488 922 2570 oeoeptitotioneve
937 2489 1031 2552 anias
1044 2488 1092 2550 tota

94 2580 221 2642 soboitnr
245 2579 396 2660 obtipatio.

518 2648 568 2712 De
590 2669 681 2729 aqna.

186 2758 235 2819 17.
263 2756 301 2819 D.
318 2757 346 2832 8,
362 2756 391 2836 6,
406 2755 435 2818 9.
481 2753 650 2818 Iavolenus
674 2754 757 2817 libro
781 2754 880 2817 tertio
905 2776 945 2818 ex
969 2751 1092 2817 Plautio.

95 2878 138 2890 -
161 2844 255 2925 Aqna
282 2847 310 2908 si
335 2846 368 2908 in
387 2848 508 2924 partein
531 2845 645 2926 oqnapi
668 2843 807 2923 insternit,
834 2843 959 2907 etiamsi
980 2863 1041 2906 non
1061 2837 1095 2903 ad

94 2933 206 2996 nltirno
230 2933 294 2997 toea
310 2933 458 3015 pervenit,
481 2932 620 2996 ornnibns
643 2937 744 2996 minen
764 2931 907 3012 partibas
925 2935 1092 3013 nsnrpatnr.

510 3133 617 3191 Liber
639 3131 691 3192 IV.

462 3233 511 3299 De
533 3233 739 3298 condictione?

184 3342 234 3405 18.
259 3339 295 3404 D.
314 3342 364 3423 12,
378 3341 407 3419 6,
421 3341 474 3407 46.
511 3340 599 3404 Idem
614 3337 671 3426 (so.
685 3338 873 3426 Iavolenus)
887 3340 973 3404 libro
989 3339 1092 3422 quarto

94 3451 134 3491 ex
152 3429 288 3495 Plautia.
311 3467 355 3475 —
379 3430 440 3510 Qni
462 3430 579 3495 benedis
601 3430 723 3493 nornine
746 3431 845 3511 tepata
866 3451 931 3495 non
950 3429 1044 3495 debita
1060 3443 1092 3488 ee

165 3556 179 3602 1
199 3550 247 3605 nt.
266 3551 329 3606 ista.
