2422 3976
186 176 234 231 IV.
255 175 352 243 QUAE
372 175 537 231 aucum
555 176 659 245 SUNT,
678 175 921 232 PLACUERUNT
939 175 1018 233 Euo,
1041 179 1106 242 577

98 340 268 405 testatoris
303 342 386 404 sunt
423 339 478 403 sed
516 362 570 405 eas
608 339 735 424 quidem
770 362 821 404 res
854 362 935 423 quae
967 341 1109 425 pondere

97 449 233 495 numero
255 449 408 493 mensura
430 432 590 511 coustant,
612 428 736 512 placuit
754 428 908 512 sufficere,
937 431 965 494 si
993 431 1108 495 mortis

97 522 245 601 tempore
273 516 340 581 sint
366 538 404 580 ex
436 518 505 581 iure
537 517 712 593 Quiritium
739 518 916 602 testatoris,
938 519 1039 583 veluti
1063 519 1107 583 vi·

97 628 176 671 num
204 605 312 670 oleum
335 605 531 670 frumentum
554 606 725 689 pecuniam
748 610 958 671 numeratam.
983 611 1107 672 ceteras

96 716 175 759 vero
202 714 255 759 res
284 694 408 778 placuit
434 698 570 779 utroque
598 697 744 778 tempore
768 695 933 759 testatoris
969 719 1007 760 ex
1040 697 1109 760 iure

97 781 272 860 Quiritium
305 804 375 847 esse
406 782 532 864 debere,
563 782 595 846 id
626 787 676 847 est
704 786 737 847 et
765 805 827 868 quo
856 783 977 849 faceret
1006 789 1107 849 testa-

98 873 245 937 mentum
263 876 296 935 et
313 893 377 956 quo
392 875 582 956 moreretur,
602 872 745 955 alioquin
762 873 876 936 inutile
891 877 941 936 est
954 874 1109 959 legatum.

191 988 242 1052 13.
281 985 350 1052 Gai.
383 987 418 1070 2,
451 987 523 1051 199.
555 1023 597 1032 -
628 985 711 1050 Illud
744 990 880 1065 constat,
917 989 944 1052 si
985 989 1109 1053 duobus

97 1076 290 1160 pluribusve
320 1097 378 1158 per
409 1075 659 1140 vindicationem
691 1075 802 1139 eadem
834 1097 885 1140 res
917 1077 1026 1161 legata
1057 1079 1109 1162 sit,

96 1164 167 1229 sive
203 1163 402 1229 coniunctim
441 1163 508 1227 sive
540 1163 738 1248 disiunctim,
769 1168 800 1228 et
833 1186 943 1229 omnes
977 1166 1109 1230 veniant

97 1252 141 1319 ad
168 1253 323 1338 legatum,
354 1256 463 1336 partes
500 1252 540 1316 ad
570 1252 713 1336 singulos
742 1254 903 1337 pertinere
940 1257 972 1318 et
1000 1254 1109 1319 defici-

97 1342 185 1407 entis
210 1341 398 1424 portionem
422 1340 630 1424 collegatario
655 1340 846 1407 adcrescere.

310 1533 357 1592 De
379 1534 468 1607 leuato
485 1550 542 1606 per
564 1534 778 1592 damnationem
799 1534 905 1594 relicto.

193 1651 244 1716 14.
286 1648 357 1716 Gai.
385 1653 419 1733 2,
443 1651 517 1717 245.
547 1688 589 1697 -
623 1700 657 1716 ..
689 1654 816 1716 constat
852 1653 891 1716 ab
920 1673 957 1716 eo
990 1652 1045 1736 qui
1076 1653 1111 1716 in

97 1742 266 1827 potestate
294 1740 393 1824 (tua)
416 1744 475 1824 est,
497 1740 615 1805 herede
638 1741 790 1805 instituto
811 1746 897 1805 recte
915 1741 977 1804 tibi
995 1741 1111 1824 legari,

100 1828 159 1895 sad
182 1830 211 1894 si
237 1832 275 1893 tu
296 1850 354 1912 per
372 1851 445 1893 eum
464 1829 557 1893 heres
577 1828 730 1907 extiteris,
754 1851 941 1893 evanescere
960 1830 1113 1914 legatum,

99 1918 179 2003 quia
211 1916 281 2001 ipse
313 1917 374 1981 tibi
401 1918 544 2002 legatum
572 1919 687 1982 debere
720 1940 787 1982 non
815 1919 934 2001 possis;
972 1919 999 1981 si
1035 1940 1112 1982 vero

98 2007 189 2071 filius
227 2006 447 2090 emancipatus
483 2012 539 2070 aut
571 2027 682 2070 servus
715 2007 932 2070 manumissus
966 2007 1028 2069 erit
1059 2006 1112 2070 vel

99 2096 136 2159 in
164 2094 266 2160 alium
293 2094 480 2175 translatus,
504 2100 536 2158 et
558 2094 627 2177 ipse
649 2095 741 2158 heres
766 2096 909 2158 extiterit
932 2097 989 2158 aut
1012 2094 1112 2158 alium

100 2182 223 2265 feccrit,
246 2183 354 2247 deberi
376 2184 528 2268 legatum.

195 2288 245 2354 15.
269 2288 307 2354 D.
331 2288 383 2373 33,
407 2290 436 2370 4,
463 2290 511 2354 15.
557 2287 656 2353 Gaius
676 2289 759 2353 libro
780 2290 918 2353 secundo
938 2290 1113 2374 delegatis

101 2378 145 2443 ad
177 2378 317 2442 edictum
349 2378 519 2461 praetoris,
556 2414 593 2424 —
633 2376 724 2442 Licet
760 2379 888 2462 placeat
923 2377 1113 2462 pigneratos

102 2489 157 2532 res
180 2468 233 2531 vel
255 2466 291 2530 in
308 2465 473 2550 publicum
493 2467 652 2550 obligatas
671 2467 828 2550 heredem,
843 2467 897 2551 qui
912 2467 988 2530 dare
1005 2469 1113 2532 iussus

101 2560 163 2635 eat,
185 2554 325 2619 liberare
349 2555 473 2638 debere,
495 2560 605 2619 tamen

258 2747 305 2806 De
327 2747 419 2821 leuato
442 2748 517 2820 quod
538 2748 652 2805 sinendi
673 2748 756 2806 modo
778 2747 960 2819 relinquitur.

197 2865 260 2930 16?
285 2863 354 2929 Gai.
373 2866 403 2944 2,
423 2865 496 2930 280.
515 2900 556 2910 -
654 2865 721 2930 scio
736 2915 765 2929 ..
797 2864 923 2928 Iuliano
946 2866 1115 2949 placuisse,

102 2955 139 3019 in
168 2975 204 3019 eo
237 2954 360 3037 legato,
397 2955 482 3038 quod
514 2953 641 3017 sinendi
668 2954 762 3018 modo
790 2954 997 3036 relinquitur,
1030 2954 1114 3017 idem

104 3044 184 3108 iuris
213 3063 284 3106 esse
312 3043 396 3126 quod
427 3042 461 3105 in
489 3042 759 3127 fideicommissis;
789 3064 885 3125 quam
919 3043 1115 3106 sententiam

103 3131 214 3197 ethis
238 3132 437 3214 temporibus
461 3132 565 3216 magis
590 3131 733 3215 optinere
756 3131 857 3195 video.

412 3316 462 3382 De
484 3322 577 3400 lepato
600 3317 810 3382 condicionali.

200 3441 249 3506 17.
273 3441 311 3505 D.
335 3441 387 3523 35,
413 3443 440 3523 1,
463 3442 506 3506 63
516 3465 563 3524 pr.
610 3440 709 3505 Gaius
728 3441 811 3504 libro
831 3441 927 3504 tertio
948 3440 987 3503 ad
1010 3440 1116 3524 legem

104 3530 225 3596 Iuliam
253 3534 286 3593 et
313 3529 455 3613 Papiam.
480 3529 627 3596 -Cum
653 3530 701 3593 ita
724 3529 874 3616 legatum
899 3529 949 3592 sit
963 3527 1132 3591 ‘di'i'dixo

158 3643 253 3691 lampa
268 3643 385 3684 antemdr.
400 3644 451 3684 rell
467 3645 500 3685 ed.
516 3645 620 3688 Bremer.
640 3646 676 3700 11,
686 3647 706 3687 2.
889 3635 925 3683 ‘5'1
