2422 3976
103 201 168 266 286
205 201 238 256 V.
257 199 406 256 NERVAE
425 201 471 255 ET
490 201 642 257 TRAIANI
659 202 767 260 TEMP.
786 204 883 260 Iulus
902 204 1075 261 CONSULT]

191 369 328 429 Iulianus
355 372 453 430 notat:
482 389 552 429 nem
579 372 747 447 proprietas
770 373 865 433 totius
887 373 974 434 naris
997 373 1075 433 carin

101 450 221 518 'cansam
246 459 390 534 sequitur.

191 546 293 606 Verba
321 541 409 606 ‘num
435 547 530 608 nihilo
559 548 658 608 minus
687 549 820 608 eiusdem
849 550 935 612 navis
966 569 1075 611 manen

101 655 160 695 non
181 637 302 712 integra
325 655 387 696 esse
410 636 534 696 Pernioe
558 641 667 697 censet.

419 771 469 837 De
490 773 576 838 bonis
594 774 794 855 possidendos

190 879 255 946 39?
284 879 321 943 D.
338 879 411 964 8,5,
427 880 477 946 18.
524 878 670 944 lulianus
693 879 778 944 libro
802 884 894 946 sexto
918 904 958 946 ex
981 881 1075 948 Minio

102 966 306 1055 (1819).-
321 968 365 1055 Is,
383 967 473 1033 cuius
489 967 614 1032 familia
628 968 770 1038 vicinum
784 969 983 1053 prohibebat
997 992 1075 1056 aque

101 1057 228 1136 ducere,
262 1056 312 1122 sui
343 1060 540 1141 potestatem
571 1079 637 1122 non
666 1055 820 1142 faciebat,
851 1080 894 1123 ne
921 1081 1031 1125 recum
1060 1082 1075 1124 a

99 1149 217 1229 posset.
259 1147 385 1229 quaerit
407 1150 505 1230 actor,
530 1146 606 1229 quid
630 1145 694 1210 sibi
716 1145 898 1211 faciendum
922 1152 1018 1214 esset
1062 1170 1075 1212 r

99 1235 229 1318 spondit
250 1238 400 1317 oportere
423 1237 606 1318 praetorem
630 1256 728 1300 causa
746 1235 878 1319 cognita
896 1237 1007 1301 iubere
1026 1237 1075 1302 bor

99 1322 274 1388 adversarii
297 1323 455 1406 possideri
478 1328 510 1387 et
532 1345 599 1388 non
622 1327 697 1388 ante
720 1323 794 1388 inde
816 1323 988 1410 discedere,
1010 1347 1075 1409 que

97 1411 127 1476 is
156 1412 259 1477 actori
287 1410 337 1476 ius
362 1432 464 1495 aquae
488 1411 650 1477 ducendae
673 1411 895 1477 constituisset
918 1417 952 1478 et
975 1413 1003 1479 si
1026 1413 1075 1498 qui

100 1501 174 1584 quie
198 1522 315 1584 aquam
338 1498 452 1564 ducere
475 1500 659 1584 prohibitus
679 1503 773 1585 esset,
797 1501 997 1567 siccitatibus
1016 1503 1075 1566 datr

99 1588 200 1652 menti
228 1589 379 1672 cepisset,
407 1590 507 1653 veluti
536 1589 564 1653 si
591 1593 686 1672 prata
708 1589 880 1654 arboresve
904 1591 1075 1656 exaruisset

97 1673 301 1742 restituisset&

437 1771 482 1829 Ex
504 1770 614 1830 Iuliani
637 1771 714 1831 libro
736 1771 773 1830 X.

394 1871 444 1937 De
466 1874 616 1955 emptione
637 1873 815 1938 venditione.

187 1977 252 2043 40?
275 1977 315 2042 D.
328 1979 377 2060 19,
390 1981 417 2063 1,
431 1980 480 2062 11,
493 1978 542 2044 15.
574 1978 663 2043 Idem
678 1974 737 2063 (sc.
753 1977 932 2067 Ulpianus)
952 1983 1032 2047 libro
1048 1983 1075 2044 11

97 2069 245 2151 gensimo
260 2068 400 2133 secundo
415 2068 455 2131 ad
470 2066 610 2133 edictum
625 2065 674 2152 (P.
686 2064 774 2154 882).
791 2105 829 2114 -
846 2118 871 2135 ..
886 2069 971 2136 libro
986 2069 1075 2136 decim

97 2157 181 2240 apud
209 2155 375 2221 Minicium
406 2156 451 2219 ait
473 2155 532 2239 (sc.
555 2153 731 2241 Iulianus),
762 2158 788 2220 si
816 2159 886 2240 quis
916 2177 1076 2225 servume

97 2246 284 2311 condicione
313 2245 505 2323 vendiderit,
537 2251 574 2309 ut
601 2246 687 2309 intra
715 2245 852 2331 triginta
880 2248 948 2312 dies
977 2248 1075 2332 duplar

95 2336 315 2419 promitteret,
347 2338 460 2416 postea
487 2356 527 2397 ne
555 2334 632 2417 quid
659 2339 891 2417 praestaretur,
923 2344 955 2401 et
982 2339 1075 2420 empto

95 2424 158 2488 hoc
180 2424 250 2488 fieri
272 2424 358 2486 intra
377 2423 461 2486 diem
480 2445 546 2487 non
566 2422 804 2504 desideraverit,
827 2423 876 2487 ita
895 2425 1022 2491 demum
1037 2441 1075 2488 no:

97 2514 197 2577 teneri
221 2512 430 2589 venditorem,
456 2512 484 2575 si
507 2512 660 2594 ignorans
685 2513 825 2576 alienum
848 2515 1005 2597 vendidit,
1026 2518 1074 2578 111

96 2602 180 2665 enim
204 2602 236 2664 in
260 2601 322 2665 hoc
345 2597 464 2681 11111112,
487 2604 524 2662 ut
544 2621 601 2684 per
620 2601 725 2683 ipsum
745 2604 778 2665 et
795 2622 853 2685 per
870 2602 1018 2667 heredem
1034 2601 1074 2664 eiu

96 2693 276 2772 emptorem
308 2688 427 2752 habere
458 2688 577 2753 liceret.
629 2694 679 2769 qui
714 2697 813 2753 autem
847 2696 979 2757 alienum
1009 2694 1075 2756 scien

95 2783 241 2858 vendidit,
270 2782 351 2861 dolo,
379 2782 491 2860 inquit,
522 2801 580 2841 non
611 2786 693 2841 caret
721 2786 751 2842 61
777 2784 844 2842 ideo
874 2787 968 2862 empti
993 2779 1075 2845 1111111

95 2871 209 2930 tenebit
248 2917 254 2929 .

294 3058 334 3139 4.
370 3064 410 3136 L.
437 3063 679 3136 NDRATIUS
706 3063 900 3138 PRISOUS

184 3207 297 3283 origine
326 3206 482 3284 Saepinas,
513 3208 591 3267 filius
622 3208 656 3266 L.
683 3208 814 3278 Neratii,
845 3210 940 3269 frater
970 3199 1075 3268 Marcell

95 3288 145 3377 (D.
161 3298 212 3368 33,
228 3299 256 3373 7,
273 3298 322 3367 12,
337 3294 407 3373 43),
434 3297 602 3372 praefectus
630 3297 738 3355 aerarii
762 3296 897 3374 Saturni,
921 3298 1021 3359 consul
1037 3287 1075 3354 suf

94 3386 189 3444 fectus
218 3403 285 3444 oum
312 3384 352 3442 M.
374 3384 472 3443 Annio
499 3385 578 3444 Vero
608 3378 655 3465 (D.
671 3387 722 3460 48,
738 3387 767 3463 8,
783 3379 818 3467 6)
847 3386 903 3446 sub
932 3384 1075 3448 Domitian

166 3507 180 3553 1
199 3501 246 3556 Fr.
265 3500 425 3555 exeruisset.

164 3577 180 3624 2
201 3571 248 3626 Fi.
267 3571 327 3625 fieri
345 3573 445 3626 emend.
461 3571 599 3627 Ortiacius.
