<?xml version="1.0" encoding="UTF-8"?>
<!DOCTYPE html PUBLIC "-//W3C//DTD XHTML 1.0 Transitional//EN"
    "http://www.w3.org/TR/xhtml1/DTD/xhtml1-transitional.dtd">
<html xmlns="http://www.w3.org/1999/xhtml" xml:lang="en" lang="en">
 <head>
  <title>
</title>
<meta http-equiv="Content-Type" content="text/html;charset=utf-8" />
  <meta name='ocr-system' content='tesseract 3.04.00' />
  <meta name='ocr-capabilities' content='ocr_page ocr_carea ocr_par ocr_line ocrx_word'/>
</head>
<body>
  <div class='ocr_page' id='page_1' title='image "./iurisprudentiae01bremgoog_0426.png"; bbox 0 0 2422 3976; ppageno 0'>
   <div class='ocr_carea' id='block_1_1' title="bbox 446 173 1105 247">
    <p class='ocr_par' dir='ltr' id='par_1_1' title="bbox 446 173 1105 247">
     <span class='ocr_line' id='line_1_1' title="bbox 446 173 1105 247; baseline 0 -16"><span class='ocrx_word' id='word_1_1' title='bbox 446 179 471 232; x_wconf 78' lang='lat' dir='ltr'>s.</span> <span class='ocrx_word' id='word_1_2' title='bbox 493 173 612 234; x_wconf 76' lang='lat' dir='ltr'>susus</span> <span class='ocrx_word' id='word_1_3' title='bbox 630 175 762 233; x_wconf 76' lang='lat' dir='ltr'>misso</span> <span class='ocrx_word' id='word_1_4' title='bbox 1042 180 1105 247; x_wconf 79' lang='lat'>391</span> 
     </span>
    </p>
   </div>
   <div class='ocr_carea' id='block_1_2' title="bbox 86 344 1107 2111">
    <p class='ocr_par' dir='ltr' id='par_1_2' title="bbox 86 344 1107 2111">
     <span class='ocr_line' id='line_1_2' title="bbox 183 344 1107 422; baseline 0.004 -17"><span class='ocrx_word' id='word_1_5' title='bbox 183 345 288 406; x_wconf 83' lang='lat' dir='ltr'>Sermo</span> <span class='ocrx_word' id='word_1_6' title='bbox 321 347 368 404; x_wconf 79' lang='lat' dir='ltr'>ost</span> <span class='ocrx_word' id='word_1_7' title='bbox 398 363 496 420; x_wconf 86' lang='lat' dir='ltr'>neque</span> <span class='ocrx_word' id='word_1_8' title='bbox 529 344 566 403; x_wconf 85' lang='lat' dir='ltr'>ds</span> <span class='ocrx_word' id='word_1_9' title='bbox 597 344 744 421; x_wconf 82' lang='lat' dir='ltr'>menoipio</span> <span class='ocrx_word' id='word_1_10' title='bbox 776 345 806 404; x_wconf 92' lang='lat' dir='ltr'>in</span> <span class='ocrx_word' id='word_1_11' title='bbox 838 348 1015 422; x_wconf 75' lang='lat' dir='ltr'>provinciali</span> <span class='ocrx_word' id='word_1_12' title='bbox 1043 351 1107 410; x_wconf 94' lang='lat' dir='ltr'>solo</span> 
     </span>
     <span class='ocr_line' id='line_1_3' title="bbox 91 426 1107 517; baseline 0.004 -23"><span class='ocrx_word' id='word_1_13' title='bbox 91 435 213 512; x_wconf 82' lang='lat' dir='ltr'>sepulto</span> <span class='ocrx_word' id='word_1_14' title='bbox 248 426 326 517; x_wconf 73' lang='lat' dir='ltr'>(sai.</span> <span class='ocrx_word' id='word_1_15' title='bbox 347 436 414 511; x_wconf 79' lang='lat'>2,7</span> <span class='ocrx_word' id='word_1_16' title='bbox 448 427 491 492; x_wconf 74' lang='lat' dir='ltr'>‘in</span> <span class='ocrx_word' id='word_1_17' title='bbox 521 432 699 509; x_wconf 76' lang='lat' dir='ltr'>provinciali</span> <span class='ocrx_word' id='word_1_18' title='bbox 731 435 793 493; x_wconf 90' lang='lat' dir='ltr'>solo</span> <span class='ocrx_word' id='word_1_19' title='bbox 824 436 925 510; x_wconf 76' lang='lat' dir='ltr'>placet</span> <span class='ocrx_word' id='word_1_20' title='bbox 956 437 1107 516; x_wconf 88' lang='lat' dir='ltr'>plerisque</span> 
     </span>
     <span class='ocr_line' id='line_1_4' title="bbox 88 514 1106 600; baseline -0.003 -10"><span class='ocrx_word' id='word_1_21' title='bbox 88 525 192 591; x_wconf 82' lang='lat' dir='ltr'>solum</span> <span class='ocrx_word' id='word_1_22' title='bbox 214 523 389 600; x_wconf 77' lang='lat' dir='ltr'>religiosum</span> <span class='ocrx_word' id='word_1_23' title='bbox 407 541 468 584; x_wconf 88' lang='lat' dir='ltr'>non</span> <span class='ocrx_word' id='word_1_24' title='bbox 486 514 576 600; x_wconf 87' lang='lat' dir='ltr'>fieri’)</span> <span class='ocrx_word' id='word_1_25' title='bbox 595 539 692 598; x_wconf 85' lang='lat' dir='ltr'>neque</span> <span class='ocrx_word' id='word_1_26' title='bbox 711 522 747 583; x_wconf 83' lang='lat' dir='ltr'>&lt;le</span> <span class='ocrx_word' id='word_1_27' title='bbox 765 524 958 598; x_wconf 75' lang='lat' dir='ltr'>provincialis</span> <span class='ocrx_word' id='word_1_28' title='bbox 976 526 1106 588; x_wconf 84' lang='lat' dir='ltr'>hominis</span> 
     </span>
     <span class='ocr_line' id='line_1_5' title="bbox 91 610 1105 690; baseline 0.005 -17"><span class='ocrx_word' id='word_1_29' title='bbox 91 632 189 689; x_wconf 66' lang='lat' dir='ltr'>urvo,</span> <span class='ocrx_word' id='word_1_30' title='bbox 212 610 324 690; x_wconf 85' lang='lat' dir='ltr'>quippo</span> <span class='ocrx_word' id='word_1_31' title='bbox 346 611 421 672; x_wconf 84' lang='lat' dir='ltr'>iuris</span> <span class='ocrx_word' id='word_1_32' title='bbox 439 610 603 681; x_wconf 74' lang='lat' dir='ltr'>Quiritium</span> <span class='ocrx_word' id='word_1_33' title='bbox 624 629 684 670; x_wconf 91' lang='lat' dir='ltr'>non</span> <span class='ocrx_word' id='word_1_34' title='bbox 707 612 862 688; x_wconf 77' lang='lat' dir='ltr'>participe,</span> <span class='ocrx_word' id='word_1_35' title='bbox 886 615 937 673; x_wconf 85' lang='lat' dir='ltr'>sed</span> <span class='ocrx_word' id='word_1_36' title='bbox 960 615 996 674; x_wconf 88' lang='lat' dir='ltr'>de</span> <span class='ocrx_word' id='word_1_37' title='bbox 1021 634 1105 678; x_wconf 86' lang='lat' dir='ltr'>servo</span> 
     </span>
     <span class='ocr_line' id='line_1_6' title="bbox 90 695 1107 784; baseline -0.004 -15"><span class='ocrx_word' id='word_1_38' title='bbox 90 703 167 769; x_wconf 69' lang='lat' dir='ltr'>uiuis</span> <span class='ocrx_word' id='word_1_39' title='bbox 185 701 322 765; x_wconf 76' lang='lat' dir='ltr'>sommi.</span> <span class='ocrx_word' id='word_1_40' title='bbox 357 699 483 761; x_wconf 87' lang='lat' dir='ltr'>Pernioe</span> <span class='ocrx_word' id='word_1_41' title='bbox 505 699 520 763; x_wconf 96' lang='lat' dir='ltr'>I</span> <span class='ocrx_word' id='word_1_42' title='bbox 542 721 572 776; x_wconf 90' lang='lat' dir='ltr'>p.</span> <span class='ocrx_word' id='word_1_43' title='bbox 588 702 651 761; x_wconf 89' lang='lat'>114</span> <span class='ocrx_word' id='word_1_44' title='bbox 671 699 726 760; x_wconf 75' lang='lat' dir='ltr'>nit:</span> <span class='ocrx_word' id='word_1_45' title='bbox 751 695 868 763; x_wconf 76' lang='lat' dir='ltr'>‘Dieser</span> <span class='ocrx_word' id='word_1_46' title='bbox 887 701 957 763; x_wconf 72' lang='lat' dir='ltr'>Satn</span> <span class='ocrx_word' id='word_1_47' title='bbox 977 698 1107 784; x_wconf 72' lang='lat' dir='ltr'>(scilieet</span> 
     </span>
     <span class='ocr_line' id='line_1_7' title="bbox 88 779 1106 873; baseline 0.002 -22"><span class='ocrx_word' id='word_1_48' title='bbox 88 791 173 868; x_wconf 84' lang='lat' dir='ltr'>quod</span> <span class='ocrx_word' id='word_1_49' title='bbox 190 789 294 855; x_wconf 72' lang='lat' dir='ltr'>Aristo</span> <span class='ocrx_word' id='word_1_50' title='bbox 317 779 488 869; x_wconf 72' lang='lat' dir='ltr'>proposuit)</span> <span class='ocrx_word' id='word_1_51' title='bbox 512 790 554 851; x_wconf 86' lang='lat' dir='ltr'>ist</span> <span class='ocrx_word' id='word_1_52' title='bbox 574 807 633 849; x_wconf 86' lang='lat' dir='ltr'>nur</span> <span class='ocrx_word' id='word_1_53' title='bbox 655 789 720 849; x_wconf 85' lang='lat' dir='ltr'>eine</span> <span class='ocrx_word' id='word_1_54' title='bbox 743 790 915 864; x_wconf 82' lang='lat' dir='ltr'>prsklisohe</span> <span class='ocrx_word' id='word_1_55' title='bbox 933 792 1106 873; x_wconf 81' lang='lat' dir='ltr'>Folgerung</span> 
     </span>
     <span class='ocr_line' id='line_1_8' title="bbox 90 878 1105 953; baseline 0.003 -13"><span class='ocrx_word' id='word_1_56' title='bbox 90 899 147 945; x_wconf 83' lang='lat' dir='ltr'>eus</span> <span class='ocrx_word' id='word_1_57' title='bbox 166 880 235 943; x_wconf 85' lang='lat' dir='ltr'>dem</span> <span class='ocrx_word' id='word_1_58' title='bbox 252 880 335 942; x_wconf 81' lang='lat' dir='ltr'>sllen</span> <span class='ocrx_word' id='word_1_59' title='bbox 349 878 560 953; x_wconf 73' lang='lat' dir='ltr'>Saetolreohle,</span> <span class='ocrx_word' id='word_1_60' title='bbox 579 895 641 938; x_wconf 82' lang='lat' dir='ltr'>wus</span> <span class='ocrx_word' id='word_1_61' title='bbox 659 897 761 938; x_wconf 86' lang='lat' dir='ltr'>menes</span> <span class='ocrx_word' id='word_1_62' title='bbox 781 879 904 941; x_wconf 81' lang='lat' dir='ltr'><strong>serviles</strong></span> <span class='ocrx_word' id='word_1_63' title='bbox 921 882 1105 943; x_wconf 82' lang='lat' dir='ltr'>enerkunnle</span> 
     </span>
     <span class='ocr_line' id='line_1_9' title="bbox 89 960 1105 1043; baseline 0.001 -13"><span class='ocrx_word' id='word_1_64' title='bbox 89 970 153 1033; x_wconf 88' lang='lat' dir='ltr'>und</span> <span class='ocrx_word' id='word_1_65' title='bbox 190 969 287 1029; x_wconf 81' lang='lat' dir='ltr'>feiern</span> <span class='ocrx_word' id='word_1_66' title='bbox 323 960 411 1029; x_wconf 83' lang='lat' dir='ltr'>liess&#39;.</span> <span class='ocrx_word' id='word_1_67' title='bbox 471 969 504 1026; x_wconf 79' lang='lat' dir='ltr'>el</span> <span class='ocrx_word' id='word_1_68' title='bbox 539 985 722 1043; x_wconf 80' lang='lat' dir='ltr'>quamquem</span> <span class='ocrx_word' id='word_1_69' title='bbox 758 967 837 1043; x_wconf 81' lang='lat' dir='ltr'>apud</span> <span class='ocrx_word' id='word_1_70' title='bbox 869 967 1035 1029; x_wconf 83' lang='lat' dir='ltr'>Varronem</span> <span class='ocrx_word' id='word_1_71' title='bbox 1069 972 1105 1031; x_wconf 88' lang='lat' dir='ltr'>de</span> 
     </span>
     <span class='ocr_line' id='line_1_10' title="bbox 89 1050 1106 1135; baseline 0.001 -18"><span class='ocrx_word' id='word_1_72' title='bbox 89 1056 150 1122; x_wconf 76' lang='lat' dir='ltr'>Lu.</span> <span class='ocrx_word' id='word_1_73' title='bbox 167 1059 196 1133; x_wconf 86' lang='grc'>6,</span> <span class='ocrx_word' id='word_1_74' title='bbox 211 1059 254 1119; x_wconf 79' lang='lat'>24</span> <span class='ocrx_word' id='word_1_75' title='bbox 276 1056 341 1117; x_wconf 89' lang='lat' dir='ltr'>looo</span> <span class='ocrx_word' id='word_1_76' title='bbox 366 1055 439 1117; x_wconf 81' lang='lat' dir='ltr'>sutis</span> <span class='ocrx_word' id='word_1_77' title='bbox 463 1056 625 1135; x_wconf 75' lang='lat' dir='ltr'>depravato</span> <span class='ocrx_word' id='word_1_78' title='bbox 649 1056 721 1117; x_wconf 80' lang='lat' dir='ltr'>haee</span> <span class='ocrx_word' id='word_1_79' title='bbox 743 1057 898 1135; x_wconf 72' lang='lat' dir='ltr'>leguntur:</span> <span class='ocrx_word' id='word_1_80' title='bbox 926 1050 994 1118; x_wconf 76' lang='lat' dir='ltr'>‘hoo</span> <span class='ocrx_word' id='word_1_81' title='bbox 1017 1061 1106 1121; x_wconf 78' lang='lat' dir='ltr'>soori-</span> 
     </span>
     <span class='ocr_line' id='line_1_11' title="bbox 90 1144 1106 1224; baseline 0 -15"><span class='ocrx_word' id='word_1_82' title='bbox 90 1145 193 1209; x_wconf 71' lang='lat' dir='ltr'>ficium</span> <span class='ocrx_word' id='word_1_83' title='bbox 223 1145 260 1207; x_wconf 73' lang='lat' dir='ltr'>fit</span> <span class='ocrx_word' id='word_1_84' title='bbox 289 1145 322 1206; x_wconf 87' lang='lat' dir='ltr'>in</span> <span class='ocrx_word' id='word_1_85' title='bbox 348 1145 493 1222; x_wconf 75' lang='lat' dir='ltr'>Velabro,</span> <span class='ocrx_word' id='word_1_86' title='bbox 525 1163 584 1221; x_wconf 84' lang='lat' dir='ltr'>quo</span> <span class='ocrx_word' id='word_1_87' title='bbox 615 1144 647 1205; x_wconf 89' lang='lat' dir='ltr'>in</span> <span class='ocrx_word' id='word_1_88' title='bbox 673 1144 790 1205; x_wconf 81' lang='lat' dir='ltr'>Novum</span> <span class='ocrx_word' id='word_1_89' title='bbox 819 1145 899 1205; x_wconf 81' lang='lat' dir='ltr'>vium</span> <span class='ocrx_word' id='word_1_90' title='bbox 927 1148 1038 1224; x_wconf 81' lang='lat' dir='ltr'>exitur,</span> <span class='ocrx_word' id='word_1_91' title='bbox 1070 1152 1106 1209; x_wconf 81' lang='lat' dir='ltr'>ut</span> 
     </span>
     <span class='ocr_line' id='line_1_12' title="bbox 87 1233 1104 1314; baseline 0.001 -19"><span class='ocrx_word' id='word_1_92' title='bbox 87 1236 176 1295; x_wconf 76' lang='lat' dir='ltr'>siunt</span> <span class='ocrx_word' id='word_1_93' title='bbox 203 1233 339 1312; x_wconf 85' lang='lat' dir='ltr'>quidum,</span> <span class='ocrx_word' id='word_1_94' title='bbox 367 1234 406 1295; x_wconf 81' lang='lat' dir='ltr'>sd</span> <span class='ocrx_word' id='word_1_95' title='bbox 432 1233 602 1310; x_wconf 82' lang='lat' dir='ltr'>sepulerum</span> <span class='ocrx_word' id='word_1_96' title='bbox 629 1233 738 1311; x_wconf 80' lang='lat' dir='ltr'>Assae,</span> <span class='ocrx_word' id='word_1_97' title='bbox 765 1236 801 1293; x_wconf 78' lang='lat' dir='ltr'>ut</span> <span class='ocrx_word' id='word_1_98' title='bbox 828 1234 907 1311; x_wconf 87' lang='lat' dir='ltr'>qnod</span> <span class='ocrx_word' id='word_1_99' title='bbox 934 1235 988 1314; x_wconf 84' lang='lat' dir='ltr'>ibi;</span> <span class='ocrx_word' id='word_1_100' title='bbox 1011 1256 1104 1314; x_wconf 84' lang='lat' dir='ltr'>propo</span> 
     </span>
     <span class='ocr_line' id='line_1_13' title="bbox 90 1316 1104 1399; baseline 0.001 -15"><span class='ocrx_word' id='word_1_101' title='bbox 90 1325 207 1384; x_wconf 82' lang='lat' dir='ltr'>fseiunl</span> <span class='ocrx_word' id='word_1_102' title='bbox 233 1323 290 1383; x_wconf 84' lang='lat' dir='ltr'>diis</span> <span class='ocrx_word' id='word_1_103' title='bbox 312 1321 452 1382; x_wconf 79' lang='lat' dir='ltr'>Manibus</span> <span class='ocrx_word' id='word_1_104' title='bbox 481 1321 641 1382; x_wconf 77' lang='lat' dir='ltr'>servilibus</span> <span class='ocrx_word' id='word_1_105' title='bbox 666 1316 854 1399; x_wconf 79' lang='lat' dir='ltr'>ssoerdoies&#39;‚</span> <span class='ocrx_word' id='word_1_106' title='bbox 881 1326 982 1383; x_wconf 81' lang='lat' dir='ltr'>lumen</span> <span class='ocrx_word' id='word_1_107' title='bbox 1005 1325 1104 1385; x_wconf 81' lang='lat' dir='ltr'>locum</span> 
     </span>
     <span class='ocr_line' id='line_1_14' title="bbox 90 1411 1104 1492; baseline 0.001 -20"><span class='ocrx_word' id='word_1_108' title='bbox 90 1412 122 1472; x_wconf 91' lang='lat' dir='ltr'>in</span> <span class='ocrx_word' id='word_1_109' title='bbox 147 1432 207 1492; x_wconf 89' lang='lat' dir='ltr'>quo</span> <span class='ocrx_word' id='word_1_110' title='bbox 235 1430 340 1471; x_wconf 85' lang='lat' dir='ltr'>servus</span> <span class='ocrx_word' id='word_1_111' title='bbox 368 1411 503 1488; x_wconf 79' lang='lat' dir='ltr'>sepultus</span> <span class='ocrx_word' id='word_1_112' title='bbox 531 1411 609 1487; x_wconf 81' lang='lat' dir='ltr'>ersi,</span> <span class='ocrx_word' id='word_1_113' title='bbox 637 1414 706 1471; x_wconf 81' lang='lat' dir='ltr'>sule</span> <span class='ocrx_word' id='word_1_114' title='bbox 729 1411 901 1471; x_wconf 77' lang='lat' dir='ltr'>Aristonem</span> <span class='ocrx_word' id='word_1_115' title='bbox 928 1414 1104 1489; x_wconf 84' lang='lat' dir='ltr'>religiosum</span> 
     </span>
     <span class='ocr_line' id='line_1_15' title="bbox 87 1498 1103 1578; baseline 0.004 -18"><span class='ocrx_word' id='word_1_116' title='bbox 87 1501 228 1565; x_wconf 79' lang='lat' dir='ltr'>habitum</span> <span class='ocrx_word' id='word_1_117' title='bbox 271 1519 331 1560; x_wconf 88' lang='lat' dir='ltr'>non</span> <span class='ocrx_word' id='word_1_118' title='bbox 379 1518 443 1560; x_wconf 90' lang='lat' dir='ltr'>esse</span> <span class='ocrx_word' id='word_1_119' title='bbox 488 1499 611 1574; x_wconf 83' lang='lat' dir='ltr'>Ulpiani</span> <span class='ocrx_word' id='word_1_120' title='bbox 656 1498 755 1559; x_wconf 87' lang='lat' dir='ltr'>verbis</span> <span class='ocrx_word' id='word_1_121' title='bbox 805 1500 925 1560; x_wconf 81' lang='lat' dir='ltr'>videtur</span> <span class='ocrx_word' id='word_1_122' title='bbox 972 1503 1103 1578; x_wconf 83' lang='lat' dir='ltr'>probari.</span> 
     </span>
     <span class='ocr_line' id='line_1_16' title="bbox 88 1588 1102 1668; baseline 0.003 -19"><span class='ocrx_word' id='word_1_123' title='bbox 88 1608 188 1668; x_wconf 84' lang='lat' dir='ltr'>neque</span> <span class='ocrx_word' id='word_1_124' title='bbox 214 1589 366 1653; x_wconf 70' lang='lat' dir='ltr'>Aristonis</span> <span class='ocrx_word' id='word_1_125' title='bbox 398 1589 578 1648; x_wconf 78' lang='lat' dir='ltr'>sententiam</span> <span class='ocrx_word' id='word_1_126' title='bbox 610 1588 750 1650; x_wconf 74' lang='lat' dir='ltr'>continuo</span> <span class='ocrx_word' id='word_1_127' title='bbox 783 1589 919 1648; x_wconf 85' lang='lat' dir='ltr'>omnibus</span> <span class='ocrx_word' id='word_1_128' title='bbox 951 1591 1102 1665; x_wconf 74' lang='lat' dir='ltr'>placuisse</span> 
     </span>
     <span class='ocr_line' id='line_1_17' title="bbox 87 1675 1102 1755; baseline 0 -14"><span class='ocrx_word' id='word_1_129' title='bbox 87 1678 160 1741; x_wconf 73' lang='lat' dir='ltr'>lieet</span> <span class='ocrx_word' id='word_1_130' title='bbox 180 1683 326 1755; x_wconf 72' lang='lat' dir='ltr'>statuere3</span> <span class='ocrx_word' id='word_1_131' title='bbox 344 1678 447 1754; x_wconf 82' lang='lat' dir='ltr'>potius</span> <span class='ocrx_word' id='word_1_132' title='bbox 464 1680 552 1736; x_wconf 79' lang='lat' dir='ltr'>notas</span> <span class='ocrx_word' id='word_1_133' title='bbox 571 1676 608 1736; x_wconf 79' lang='lat' dir='ltr'>ab</span> <span class='ocrx_word' id='word_1_134' title='bbox 627 1675 757 1752; x_wconf 80' lang='lat' dir='ltr'>Ulpiano</span> <span class='ocrx_word' id='word_1_135' title='bbox 776 1678 888 1737; x_wconf 82' lang='lat' dir='ltr'>relnies</span> <span class='ocrx_word' id='word_1_136' title='bbox 904 1679 1102 1741; x_wconf 82' lang='lat' dir='ltr'>Triboniunus</span> 
     </span>
     <span class='ocr_line' id='line_1_18' title="bbox 86 1765 1102 1844; baseline 0.004 -18"><span class='ocrx_word' id='word_1_137' title='bbox 86 1767 210 1828; x_wconf 80' lang='lat' dir='ltr'>demum</span> <span class='ocrx_word' id='word_1_138' title='bbox 238 1765 358 1828; x_wconf 80' lang='lat' dir='ltr'>videiur</span> <span class='ocrx_word' id='word_1_139' title='bbox 383 1766 535 1826; x_wconf 79' lang='lat' dir='ltr'>obiecisse.</span> <span class='ocrx_word' id='word_1_140' title='bbox 581 1769 713 1826; x_wconf 81' lang='lat' dir='ltr'>selorum</span> <span class='ocrx_word' id='word_1_141' title='bbox 737 1766 772 1825; x_wconf 89' lang='lat' dir='ltr'>de</span> <span class='ocrx_word' id='word_1_142' title='bbox 795 1767 862 1827; x_wconf 89' lang='lat' dir='ltr'>loeo</span> <span class='ocrx_word' id='word_1_143' title='bbox 885 1769 1024 1844; x_wconf 84' lang='lat' dir='ltr'>religioso</span> <span class='ocrx_word' id='word_1_144' title='bbox 1048 1770 1102 1830; x_wconf 83' lang='lat' dir='ltr'>illa</span> 
     </span>
     <span class='ocr_line' id='line_1_19' title="bbox 88 1854 1100 1937; baseline 0.004 -22"><span class='ocrx_word' id='word_1_145' title='bbox 88 1856 151 1921; x_wconf 82' lang='lat' dir='ltr'>fere</span> <span class='ocrx_word' id='word_1_146' title='bbox 180 1859 280 1916; x_wconf 80' lang='lat' dir='ltr'>asiais</span> <span class='ocrx_word' id='word_1_147' title='bbox 303 1855 490 1931; x_wconf 75' lang='lat' dir='ltr'>disputatum</span> <span class='ocrx_word' id='word_1_148' title='bbox 513 1872 577 1914; x_wconf 88' lang='lat' dir='ltr'>esse</span> <span class='ocrx_word' id='word_1_149' title='bbox 600 1855 681 1914; x_wconf 88' lang='lat' dir='ltr'>idem</span> <span class='ocrx_word' id='word_1_150' title='bbox 703 1854 851 1930; x_wconf 80' lang='lat' dir='ltr'>Ulpianus</span> <span class='ocrx_word' id='word_1_151' title='bbox 875 1855 911 1921; x_wconf 89' lang='lat' dir='ltr'>D.</span> <span class='ocrx_word' id='word_1_152' title='bbox 927 1861 977 1934; x_wconf 85' lang='lat'>11,</span> <span class='ocrx_word' id='word_1_153' title='bbox 994 1862 1022 1937; x_wconf 79' lang='grc'>7,</span> <span class='ocrx_word' id='word_1_154' title='bbox 1038 1861 1100 1935; x_wconf 81' lang='grc'>2,5</span> 
     </span>
     <span class='ocr_line' id='line_1_20' title="bbox 88 1937 1102 2023; baseline 0 -17"><span class='ocrx_word' id='word_1_155' title='bbox 88 1947 211 2023; x_wconf 75' lang='lat' dir='ltr'>probol,</span> <span class='ocrx_word' id='word_1_156' title='bbox 239 1944 293 2022; x_wconf 91' lang='lat' dir='ltr'>qui</span> <span class='ocrx_word' id='word_1_157' title='bbox 318 1944 392 2003; x_wconf 83' lang='lat' dir='ltr'>hoec</span> <span class='ocrx_word' id='word_1_158' title='bbox 419 1944 526 2005; x_wconf 76' lang='lat' dir='ltr'>referi:</span> <span class='ocrx_word' id='word_1_159' title='bbox 559 1937 677 2003; x_wconf 75' lang='lat' dir='ltr'>‘Celsus</span> <span class='ocrx_word' id='word_1_160' title='bbox 696 1989 702 2003; x_wconf 87' lang='lat'>.</span> <span class='ocrx_word' id='word_1_161' title='bbox 719 1990 747 2003; x_wconf 94' lang='lat'>..</span> <span class='ocrx_word' id='word_1_162' title='bbox 767 1944 824 2004; x_wconf 78' lang='lat' dir='ltr'>ait:</span> <span class='ocrx_word' id='word_1_163' title='bbox 850 1964 910 2003; x_wconf 91' lang='lat' dir='ltr'>non</span> <span class='ocrx_word' id='word_1_164' title='bbox 937 1948 1021 2006; x_wconf 70' lang='lat' dir='ltr'>lotus</span> <span class='ocrx_word' id='word_1_165' title='bbox 1050 1949 1102 2023; x_wconf 90' lang='lat' dir='ltr'>qui</span> 
     </span>
     <span class='ocr_line' id='line_1_21' title="bbox 87 2031 1101 2111; baseline 0 -17"><span class='ocrx_word' id='word_1_166' title='bbox 87 2034 263 2111; x_wconf 78' lang='lat' dir='ltr'>sepulturae</span> <span class='ocrx_word' id='word_1_167' title='bbox 281 2032 448 2092; x_wconf 70' lang='lat' dir='ltr'>destinatus</span> <span class='ocrx_word' id='word_1_168' title='bbox 472 2036 519 2091; x_wconf 78' lang='lat' dir='ltr'>esi</span> <span class='ocrx_word' id='word_1_169' title='bbox 536 2032 620 2092; x_wconf 87' lang='lat' dir='ltr'>loeus</span> <span class='ocrx_word' id='word_1_170' title='bbox 638 2031 797 2109; x_wconf 81' lang='lat' dir='ltr'>religiosus</span> <span class='ocrx_word' id='word_1_171' title='bbox 815 2033 858 2108; x_wconf 75' lang='lat' dir='ltr'>fis,</span> <span class='ocrx_word' id='word_1_172' title='bbox 882 2033 934 2092; x_wconf 88' lang='lat' dir='ltr'>sed</span> <span class='ocrx_word' id='word_1_173' title='bbox 953 2038 1101 2110; x_wconf 78' lang='lat' dir='ltr'>quatenus</span> 
     </span>
    </p>
   </div>
   <div class='ocr_carea' id='block_1_3' title="bbox 86 2116 1100 2376">
    <p class='ocr_par' dir='ltr' id='par_1_3' title="bbox 86 2116 1100 2376">
     <span class='ocr_line' id='line_1_22' title="bbox 86 2116 1100 2200; baseline -0.001 -17"><span class='ocrx_word' id='word_1_174' title='bbox 86 2141 199 2200; x_wconf 80' lang='lat' dir='ltr'>eorpus</span> <span class='ocrx_word' id='word_1_175' title='bbox 221 2123 378 2181; x_wconf 78' lang='lat' dir='ltr'>humatum</span> <span class='ocrx_word' id='word_1_176' title='bbox 401 2116 468 2181; x_wconf 80' lang='lat' dir='ltr'>ssl&#39;.</span> <span class='ocrx_word' id='word_1_177' title='bbox 515 2120 551 2179; x_wconf 84' lang='lat' dir='ltr'>de</span> <span class='ocrx_word' id='word_1_178' title='bbox 575 2139 727 2181; x_wconf 86' lang='lat' dir='ltr'>servorum</span> <span class='ocrx_word' id='word_1_179' title='bbox 752 2123 895 2197; x_wconf 80' lang='lat' dir='ltr'>sepulcris</span> <span class='ocrx_word' id='word_1_180' title='bbox 918 2141 945 2181; x_wconf 87' lang='lat' dir='ltr'>v.</span> <span class='ocrx_word' id='word_1_181' title='bbox 965 2121 1100 2182; x_wconf 86' lang='lat' dir='ltr'>Pornioe:</span> 
     </span>
     <span class='ocr_line' id='line_1_23' title="bbox 87 2208 1100 2285; baseline 0 -15"><span class='ocrx_word' id='word_1_182' title='bbox 87 2210 245 2275; x_wconf 72' lang='lat' dir='ltr'>sim-Ber.</span> <span class='ocrx_word' id='word_1_183' title='bbox 268 2211 322 2270; x_wconf 89' lang='lat' dir='ltr'>der</span> <span class='ocrx_word' id='word_1_184' title='bbox 344 2210 425 2269; x_wconf 88' lang='lat' dir='ltr'>Berl.</span> <span class='ocrx_word' id='word_1_185' title='bbox 448 2208 613 2268; x_wconf 81' lang='lat' dir='ltr'>Akedemie</span> <span class='ocrx_word' id='word_1_186' title='bbox 639 2211 722 2269; x_wconf 86' lang='grc'>1886</span> <span class='ocrx_word' id='word_1_187' title='bbox 738 2230 765 2285; x_wconf 90' lang='lat' dir='ltr'>p.</span> <span class='ocrx_word' id='word_1_188' title='bbox 784 2214 867 2270; x_wconf 84' lang='grc'>1179</span> <span class='ocrx_word' id='word_1_189' title='bbox 888 2213 919 2270; x_wconf 79' lang='lat' dir='ltr'>el</span> <span class='ocrx_word' id='word_1_190' title='bbox 935 2210 1100 2270; x_wconf 86' lang='lat' dir='ltr'>Mommsen</span> 
     </span>
     <span class='ocr_line' id='line_1_24' title="bbox 86 2298 531 2376; baseline -0.004 -16"><span class='ocrx_word' id='word_1_191' title='bbox 86 2299 119 2361; x_wconf 81' lang='lat' dir='ltr'>z.</span> <span class='ocrx_word' id='word_1_192' title='bbox 135 2301 163 2362; x_wconf 84' lang='lat' dir='ltr'>u.</span> <span class='ocrx_word' id='word_1_193' title='bbox 178 2298 306 2362; x_wconf 56' lang='lat' dir='ltr'>sau-st.</span> <span class='ocrx_word' id='word_1_194' title='bbox 329 2299 401 2358; x_wconf 80' lang='lat' dir='ltr'>xvl</span> <span class='ocrx_word' id='word_1_195' title='bbox 414 2319 443 2376; x_wconf 84' lang='lat' dir='ltr'>p.</span> <span class='ocrx_word' id='word_1_196' title='bbox 459 2301 531 2358; x_wconf 81' lang='lat'>217.</span> 
     </span>
    </p>
   </div>
   <div class='ocr_carea' id='block_1_4' title="bbox 514 2488 676 2571">
    <p class='ocr_par' dir='ltr' id='par_1_4' title="bbox 514 2488 676 2571">
     <span class='ocr_line' id='line_1_25' title="bbox 514 2488 676 2571; baseline -0.012 -17"><span class='ocrx_word' id='word_1_197' title='bbox 514 2488 563 2554; x_wconf 85' lang='lat' dir='ltr'>De</span> <span class='ocrx_word' id='word_1_198' title='bbox 585 2509 676 2571; x_wconf 76' lang='lat' dir='ltr'>aquo.</span> 
     </span>
    </p>
   </div>
   <div class='ocr_carea' id='block_1_5' title="bbox 79 2628 1098 3056">
    <p class='ocr_par' dir='ltr' id='par_1_5' title="bbox 79 2628 1098 3056">
     <span class='ocr_line' id='line_1_26' title="bbox 175 2628 1097 2715; baseline -0.004 -17"><span class='ocrx_word' id='word_1_199' title='bbox 175 2631 229 2698; x_wconf 77' lang='lat'>68.</span> <span class='ocrx_word' id='word_1_200' title='bbox 251 2631 290 2696; x_wconf 88' lang='lat' dir='ltr'>D.</span> <span class='ocrx_word' id='word_1_201' title='bbox 304 2632 348 2698; x_wconf 79' lang='lat'>43</span> <span class='ocrx_word' id='word_1_202' title='bbox 373 2631 425 2714; x_wconf 77' lang='lat'>20,</span> <span class='ocrx_word' id='word_1_203' title='bbox 441 2632 470 2715; x_wconf 87' lang='lat'>1,</span> <span class='ocrx_word' id='word_1_204' title='bbox 481 2630 531 2694; x_wconf 83' lang='lat'>19.</span> <span class='ocrx_word' id='word_1_205' title='bbox 564 2628 722 2713; x_wconf 85' lang='lat' dir='ltr'>Ulpianus</span> <span class='ocrx_word' id='word_1_206' title='bbox 736 2631 820 2695; x_wconf 86' lang='lat' dir='ltr'>libro</span> <span class='ocrx_word' id='word_1_207' title='bbox 836 2629 1097 2713; x_wconf 77' lang='lat' dir='ltr'>septuagensimo</span> 
     </span>
     <span class='ocr_line' id='line_1_27' title="bbox 79 2683 1098 2806; baseline -0.005 -19"><span class='ocrx_word' id='word_1_208' title='bbox 79 2718 124 2787; x_wconf 70' lang='lat' dir='ltr'>ad</span> <span class='ocrx_word' id='word_1_209' title='bbox 157 2721 301 2786; x_wconf 80' lang='lat' dir='ltr'>edietum</span> <span class='ocrx_word' id='word_1_210' title='bbox 329 2683 379 2806; x_wconf 69' lang='lat' dir='ltr'>(i&#39;.</span> <span class='ocrx_word' id='word_1_211' title='bbox 421 2717 509 2805; x_wconf 80' lang='lat'>570).</span> <span class='ocrx_word' id='word_1_212' title='bbox 541 2755 578 2767; x_wconf 88' lang='lat'>·-</span> <span class='ocrx_word' id='word_1_213' title='bbox 608 2719 720 2783; x_wconf 74' lang='lat' dir='ltr'>Aristo</span> <span class='ocrx_word' id='word_1_214' title='bbox 747 2722 842 2803; x_wconf 77' lang='lat' dir='ltr'>putei</span> <span class='ocrx_word' id='word_1_215' title='bbox 869 2739 941 2781; x_wconf 90' lang='lat' dir='ltr'>eum</span> <span class='ocrx_word' id='word_1_216' title='bbox 969 2717 1098 2783; x_wconf 90' lang='lat' dir='ltr'>demum</span> 
     </span>
     <span class='ocr_line' id='line_1_28' title="bbox 79 2803 1098 2894; baseline -0.003 -19"><span class='ocrx_word' id='word_1_217' title='bbox 79 2809 294 2876; x_wconf 66' lang='lat' dir='ltr'>interdictum</span> <span class='ocrx_word' id='word_1_218' title='bbox 321 2808 383 2873; x_wconf 87' lang='lat' dir='ltr'>hoo</span> <span class='ocrx_word' id='word_1_219' title='bbox 409 2807 469 2894; x_wconf 85' lang='lat' dir='ltr'>(so.</span> <span class='ocrx_word' id='word_1_220' title='bbox 491 2809 531 2871; x_wconf 84' lang='lat' dir='ltr'>de</span> <span class='ocrx_word' id='word_1_221' title='bbox 560 2829 643 2891; x_wconf 78' lang='lat' dir='ltr'>aqua</span> <span class='ocrx_word' id='word_1_222' title='bbox 666 2803 859 2893; x_wconf 76' lang='lat' dir='ltr'>cottidiana)</span> <span class='ocrx_word' id='word_1_223' title='bbox 882 2806 1014 2892; x_wconf 85' lang='lat' dir='ltr'>hebere,</span> <span class='ocrx_word' id='word_1_224' title='bbox 1042 2808 1098 2893; x_wconf 90' lang='lat' dir='ltr'>qui</span> 
     </span>
     <span class='ocr_line' id='line_1_29' title="bbox 79 2896 1097 2984; baseline -0.007 -17"><span class='ocrx_word' id='word_1_225' title='bbox 79 2920 116 2966; x_wconf 79' lang='grc' dir='ltr'>ιο</span> <span class='ocrx_word' id='word_1_226' title='bbox 146 2902 246 2984; x_wconf 71' lang='lat' dir='ltr'>putul</span> <span class='ocrx_word' id='word_1_227' title='bbox 272 2919 332 2963; x_wconf 91' lang='lat' dir='ltr'>suo</span> <span class='ocrx_word' id='word_1_228' title='bbox 359 2898 429 2962; x_wconf 86' lang='lat' dir='ltr'>iure</span> <span class='ocrx_word' id='word_1_229' title='bbox 456 2897 518 2975; x_wconf 83' lang='lat' dir='ltr'>uli,</span> <span class='ocrx_word' id='word_1_230' title='bbox 545 2918 611 2961; x_wconf 90' lang='lat' dir='ltr'>non</span> <span class='ocrx_word' id='word_1_231' title='bbox 638 2918 725 2981; x_wconf 85' lang='lat' dir='ltr'>eum,</span> <span class='ocrx_word' id='word_1_232' title='bbox 753 2896 808 2981; x_wconf 87' lang='lat' dir='ltr'>qui</span> <span class='ocrx_word' id='word_1_233' title='bbox 831 2896 894 2961; x_wconf 79' lang='lat' dir='ltr'>soii</span> <span class='ocrx_word' id='word_1_234' title='bbox 917 2917 951 2960; x_wconf 88' lang='lat' dir='ltr'>se</span> <span class='ocrx_word' id='word_1_235' title='bbox 972 2897 1097 2961; x_wconf 90' lang='lat' dir='ltr'>nullum</span> 
     </span>
     <span class='ocr_line' id='line_1_30' title="bbox 79 2985 470 3056; baseline -0.008 -4"><span class='ocrx_word' id='word_1_236' title='bbox 79 2985 132 3056; x_wconf 89' lang='lat' dir='ltr'>ius</span> <span class='ocrx_word' id='word_1_237' title='bbox 158 2987 280 3052; x_wconf 81' lang='lat' dir='ltr'>habers</span> <span class='ocrx_word' id='word_1_238' title='bbox 305 2986 470 3051; x_wconf 76' lang='lat' dir='ltr'>sistitur.</span> 
     </span>
    </p>
   </div>
   <div class='ocr_carea' id='block_1_6' title="bbox 79 3091 1096 3624">
    <p class='ocr_par' dir='ltr' id='par_1_6' title="bbox 79 3091 1096 3624">
     <span class='ocr_line' id='line_1_31' title="bbox 174 3091 1096 3176; baseline -0.007 -16"><span class='ocrx_word' id='word_1_239' title='bbox 174 3093 227 3160; x_wconf 83' lang='lat'>59.</span> <span class='ocrx_word' id='word_1_240' title='bbox 259 3092 342 3158; x_wconf 91' lang='lat' dir='ltr'>Ibid.</span> <span class='ocrx_word' id='word_1_241' title='bbox 366 3093 451 3174; x_wconf 63' lang='lat'>520.</span> <span class='ocrx_word' id='word_1_242' title='bbox 475 3129 518 3139; x_wconf 95' lang='lat'>—</span> <span class='ocrx_word' id='word_1_243' title='bbox 545 3091 633 3157; x_wconf 91' lang='lat' dir='ltr'>Idem</span> <span class='ocrx_word' id='word_1_244' title='bbox 663 3091 818 3176; x_wconf 76' lang='lat' dir='ltr'>oileum,</span> <span class='ocrx_word' id='word_1_245' title='bbox 847 3092 902 3175; x_wconf 88' lang='lat' dir='ltr'>qui</span> <span class='ocrx_word' id='word_1_246' title='bbox 926 3091 988 3156; x_wconf 89' lang='lat' dir='ltr'>hoo</span> <span class='ocrx_word' id='word_1_247' title='bbox 1012 3113 1096 3155; x_wconf 80' lang='lat' dir='ltr'>anno</span> 
     </span>
     <span class='ocr_line' id='line_1_32' title="bbox 79 3179 1096 3273; baseline -0.009 -22"><span class='ocrx_word' id='word_1_248' title='bbox 79 3203 203 3273; x_wconf 73' lang='lat' dir='ltr'>squam</span> <span class='ocrx_word' id='word_1_249' title='bbox 227 3183 355 3247; x_wconf 80' lang='lat' dir='ltr'>duxerit</span> <span class='ocrx_word' id='word_1_250' title='bbox 377 3203 436 3249; x_wconf 88' lang='lat' dir='ltr'>neo</span> <span class='ocrx_word' id='word_1_251' title='bbox 459 3182 491 3247; x_wconf 83' lang='lat' dir='ltr'>vi</span> <span class='ocrx_word' id='word_1_252' title='bbox 512 3202 571 3246; x_wconf 89' lang='lat' dir='ltr'>neo</span> <span class='ocrx_word' id='word_1_253' title='bbox 590 3181 674 3246; x_wconf 84' lang='lat' dir='ltr'>olam</span> <span class='ocrx_word' id='word_1_254' title='bbox 693 3201 752 3244; x_wconf 86' lang='lat' dir='ltr'>neo</span> <span class='ocrx_word' id='word_1_255' title='bbox 771 3181 915 3264; x_wconf 82' lang='lat' dir='ltr'>precario</span> <span class='ocrx_word' id='word_1_256' title='bbox 935 3184 967 3245; x_wconf 67' lang='lat' dir='ltr'>el</span> <span class='ocrx_word' id='word_1_257' title='bbox 985 3179 1096 3243; x_wconf 92' lang='lat' dir='ltr'>eodem</span> 
     </span>
     <span class='ocr_line' id='line_1_33' title="bbox 79 3266 1096 3354; baseline -0.009 -13"><span class='ocrx_word' id='word_1_258' title='bbox 79 3293 171 3341; x_wconf 77' lang='lat' dir='ltr'>unno</span> <span class='ocrx_word' id='word_1_259' title='bbox 210 3271 326 3337; x_wconf 81' lang='lat' dir='ltr'>vitiose</span> <span class='ocrx_word' id='word_1_260' title='bbox 360 3292 438 3336; x_wconf 88' lang='lat' dir='ltr'>usus</span> <span class='ocrx_word' id='word_1_261' title='bbox 471 3275 534 3354; x_wconf 77' lang='lat' dir='ltr'>est,</span> <span class='ocrx_word' id='word_1_262' title='bbox 570 3273 656 3335; x_wconf 80' lang='lat' dir='ltr'>reolo</span> <span class='ocrx_word' id='word_1_263' title='bbox 688 3272 796 3333; x_wconf 77' lang='lat' dir='ltr'>lamen</span> <span class='ocrx_word' id='word_1_264' title='bbox 827 3268 890 3333; x_wconf 90' lang='lat' dir='ltr'>hoo</span> <span class='ocrx_word' id='word_1_265' title='bbox 922 3266 1096 3333; x_wconf 76' lang='lat' dir='ltr'>interdicto</span> 
     </span>
     <span class='ocr_line' id='line_1_34' title="bbox 79 3355 1095 3446; baseline -0.01 -15"><span class='ocrx_word' id='word_1_266' title='bbox 79 3381 234 3446; x_wconf 78' lang='lat' dir='ltr'>usurum,</span> <span class='ocrx_word' id='word_1_267' title='bbox 261 3359 347 3446; x_wconf 89' lang='lat' dir='ltr'>quod</span> <span class='ocrx_word' id='word_1_268' title='bbox 374 3359 488 3424; x_wconf 83' lang='lat' dir='ltr'>referri</span> <span class='ocrx_word' id='word_1_269' title='bbox 516 3359 555 3423; x_wconf 86' lang='lat' dir='ltr'>od</span> <span class='ocrx_word' id='word_1_270' title='bbox 583 3359 617 3423; x_wconf 89' lang='lat' dir='ltr'>id</span> <span class='ocrx_word' id='word_1_271' title='bbox 643 3362 785 3441; x_wconf 68' lang='lat' dir='ltr'>tempus,</span> <span class='ocrx_word' id='word_1_272' title='bbox 814 3357 898 3441; x_wconf 91' lang='lat' dir='ltr'>quod</span> <span class='ocrx_word' id='word_1_273' title='bbox 923 3356 992 3420; x_wconf 89' lang='lat' dir='ltr'>sine</span> <span class='ocrx_word' id='word_1_274' title='bbox 1015 3355 1095 3421; x_wconf 77' lang='lat' dir='ltr'>vitio</span> 
     </span>
     <span class='ocr_line' id='line_1_35' title="bbox 79 3445 1095 3535; baseline -0.009 -17"><span class='ocrx_word' id='word_1_275' title='bbox 79 3448 196 3535; x_wconf 55' lang='lat' dir='ltr'>inerim</span> <span class='ocrx_word' id='word_1_276' title='bbox 229 3470 300 3515; x_wconf 88' lang='lat' dir='ltr'>esse</span> <span class='ocrx_word' id='word_1_277' title='bbox 329 3449 415 3513; x_wconf 91' lang='lat' dir='ltr'>enim</span> <span class='ocrx_word' id='word_1_278' title='bbox 442 3469 553 3512; x_wconf 84' lang='lat' dir='ltr'>verum</span> <span class='ocrx_word' id='word_1_279' title='bbox 580 3447 642 3513; x_wconf 89' lang='lat' dir='ltr'>hoo</span> <span class='ocrx_word' id='word_1_280' title='bbox 669 3468 753 3510; x_wconf 85' lang='lat' dir='ltr'>anno</span> <span class='ocrx_word' id='word_1_281' title='bbox 776 3467 842 3510; x_wconf 91' lang='lat' dir='ltr'>non</span> <span class='ocrx_word' id='word_1_282' title='bbox 865 3445 898 3511; x_wconf 84' lang='lat' dir='ltr'>vi</span> <span class='ocrx_word' id='word_1_283' title='bbox 921 3466 986 3509; x_wconf 91' lang='lat' dir='ltr'>non</span> <span class='ocrx_word' id='word_1_284' title='bbox 1010 3445 1095 3510; x_wconf 81' lang='lat' dir='ltr'>olam</span> 
     </span>
     <span class='ocr_line' id='line_1_36' title="bbox 79 3538 447 3624; baseline -0.022 -17"><span class='ocrx_word' id='word_1_285' title='bbox 79 3557 147 3607; x_wconf 74' lang='lat' dir='ltr'>uon</span> <span class='ocrx_word' id='word_1_286' title='bbox 171 3538 320 3624; x_wconf 85' lang='lat' dir='ltr'>precario</span> <span class='ocrx_word' id='word_1_287' title='bbox 343 3559 447 3601; x_wconf 89' lang='lat' dir='ltr'>usum.</span> 
     </span>
    </p>
   </div>
   <div class='ocr_carea' id='block_1_7' title="bbox 0 0 1216 3976">
    <p class='ocr_par' dir='ltr' id='par_1_7' title="bbox 0 0 1216 3976">
     <span class='ocr_line' id='line_1_37' title="bbox 0 0 1216 3976; baseline 0 3"><span class='ocrx_word' id='word_1_288' title='bbox 0 0 1216 3976; x_wconf 95' lang='lat' dir='ltr'> </span> 
     </span>
    </p>
   </div>
  </div>
 </body>
</html>
