2422 3976
147 194 190 260 64
217 194 263 248 Ill.
279 193 355 248 GAII
368 192 515 248 CLAUDII
528 192 662 247 NERON.
673 191 817 247 GALBAD
828 192 934 247 TEMP.
945 192 1042 248 rums
1052 191 1153 249 CONS.

146 363 251 511 tozem
270 356 428 421 debeant?
460 360 494 420 et
510 358 605 442 putat
618 354 719 420 Gaius
734 353 866 420 Cassius
885 354 1024 420 dandam
1043 357 1155 422 utilem

147 469 184 512 ao
200 469 315 512 ronem.

236 559 272 618 cf.
291 557 328 616 D.
344 559 374 634 5,
388 560 417 634 3,
432 559 484 617 48.
524 557 684 618 Iavolenus
707 556 784 615 libro
807 557 898 617 tertio
922 576 958 616 ex
980 556 1094 619 Cassio.

237 678 310 743 109.
334 676 371 740 D.
386 678 416 756 5,
432 678 460 756 1,
474 678 527 742 26.
567 675 687 740 Paulus
710 676 795 739 libro
814 676 952 758 septimo
972 675 1097 742 decimo
1116 677 1156 743 ad

146 765 310 830 Plautium
330 763 380 852 (P.
397 761 521 852 12311’).
536 801 579 811 -
598 763 646 827 De
665 786 746 830 eo..
762 765 816 848 qui
835 764 916 829 adiit
932 764 1158 852 hereditatem,

147 854 279 920 Cassius
307 855 433 937 scribit,
465 852 611 938 quamvis
638 853 762 917 Romae
791 852 906 918 adierit
932 852 1156 938 hereditatem,

146 966 210 1008 non
229 948 412 1027 competere
430 943 465 1007 in
483 964 556 1006 eum
574 941 742 1023 actionem,
759 963 801 1005 ne
816 941 1012 1026 impediatur
1024 942 1157 1029 legatio.

238 1069 311 1133 110.
344 1066 382 1131 D.
400 1066 431 1149 5,
450 1068 480 1149 3,
498 1066 598 1150 40pr.
651 1064 772 1129 Paulus
799 1065 883 1130 libro
910 1065 1087 1132 vicensimo
1117 1067 1156 1132 ad

148 1157 286 1221 edictum
318 1154 369 1244 (P.
388 1152 478 1241 322).
509 1191 546 1201 —
577 1153 659 1217 Illud
680 1153 814 1238 ..quod
845 1154 879 1218 in
912 1155 1069 1234 oratione,
1091 1155 1157 1220 diri

146 1245 305 1310 Hadriani
338 1249 401 1328 est,
432 1251 470 1308 ut
500 1246 576 1328 post
608 1246 774 1325 acceptum
806 1243 959 1308 iudicium
991 1243 1025 1308 id
1055 1245 1158 1311 actori

146 1338 340 1419 praestetur,
368 1333 451 1417 quod
479 1333 649 1397 habiturus
678 1334 775 1414 esset,
804 1331 833 1396 si
859 1353 897 1396 eo
920 1335 1067 1416 temporo
1093 1354 1157 1418 quo

147 1424 231 1508 petit
260 1424 412 1487 restituta
445 1427 530 1485 esset
561 1420 736 1502 hereditas,
767 1419 927 1484 interdum
955 1420 1071 1485 durum
1099 1425 1158 1488 est.

148 1511 224 1597 quid
257 1511 356 1593 enim,
389 1509 418 1574 si
444 1514 520 1594 post
547 1508 638 1574 litem
666 1511 883 1573 contestatam
910 1508 1074 1594 mancipia
1101 1515 1158 1576 aut

146 1601 292 1664 iumenta
328 1604 384 1663 aut
419 1619 537 1681 peoora
573 1597 788 1681 deperierint?
843 1597 990 1662 damnari
1027 1598 1160 1664 debebit

148 1687 321 1752 secundum
349 1688 447 1751 rerba
475 1686 646 1768 orationis,
678 1685 753 1770 quia
779 1685 887 1770 potuit
913 1686 1036 1769 petitor
1063 1689 1159 1752 resti-

148 1780 221 1841 tuta
243 1775 423 1840 hereditate
447 1774 634 1839 distraxisse
657 1796 704 1838 ea.
746 1779 780 1838 et
802 1775 863 1839 hoc
886 1775 1007 1839 iustum
1029 1797 1101 1842 esse
1125 1776 1158 1841 in

149 1865 344 1949 specialibus
363 1863 575 1947 petitionibus
594 1862 730 1928 Proculo
749 1864 868 1948 placet,
891 1863 1023 1929 Cassius
1042 1869 1160 1932 contra

149 1953 258 2018 sensit.

236 2064 349 2123 Paulus
377 2062 472 2122 addit:
503 2057 547 2122 ‘in
573 2061 730 2137 praedonis
757 2082 885 2139 persona
907 2063 1052 2125 Proculus
1075 2069 1158 2126 recte

147 2153 312 2231 existimat,
335 2153 366 2211 in
389 2151 483 2211 bonae
506 2150 576 2210 fidei
597 2152 818 2227 possessoribus
841 2150 984 2213 Cassius.
999 2148 1019 2212 .’

238 2274 311 2336 111.
335 2270 372 2334 D.
388 2271 417 2348 5,
432 2272 461 2354 3,
476 2272 528 2353 31,
542 2270 571 2336 5.
613 2269 772 2354 Ulpianus
795 2270 878 2334 libro
900 2272 1014 2356 quinto
1033 2272 1159 2341 decimo

148 2361 188 2425 ad
221 2361 360 2425 edictum
388 2360 437 2445 (P.
456 2356 545 2446 533).
573 2395 615 2405 —
644 2359 734 2435 Quod
756 2361 986 2442 ..possessori
1013 2359 1159 2426 solutum

148 2456 198 2514 est
221 2472 263 2513 an
285 2448 453 2513 restituere
473 2447 596 2530 debeat,
619 2449 793 2512 videamus.
827 2454 859 2511 et
880 2448 942 2512 sive
960 2450 1064 2514 bonae
1083 2450 1159 2515 fidei

147 2560 317 2621 possessor
343 2538 406 2602 fuit
434 2538 500 2600 sire
529 2558 606 2614 non,
637 2537 751 2600 debere
779 2537 948 2601 restituere
976 2539 1098 2623 placet,
1127 2544 1160 2603 et
1198 2601 1202 2607 .

136 2626 276 2710 ,quidem
309 2627 337 2690 si
368 2626 560 2707 restituerit,
592 2629 630 2690 ut
657 2623 787 2690 Cassius
821 2626 1004 2691 scribit...
1024 2627 1160 2692 liberari

147 2717 219 2798 ipso
238 2717 306 2779 iure
325 2714 494 2779 debitores.

507 2826 554 2884 De
576 2844 666 2884 causa
689 2827 810 2885 liberali.

238 2928 310 2992 112.
345 2927 385 2992 D.
408 2929 461 3008 40,
486 2929 535 3009 12,
559 2928 610 2992 30.
665 2925 809 2991 Iulianus
845 2927 930 2991 libro
968 2928 1083 3011 quinto
1119 2951 1158 2993 ex

147 3015 280 3080 Minicio
309 3014 359 3100 (P.
378 3013 467 3103 875).
494 3051 532 3061 -
558 3014 691 3080 Duobus
719 3015 905 3099 petentibus
933 3015 1099 3082 hominem
1123 3018 1159 3082 in

148 3105 334 3169 servitutem
357 3127 415 3188 pro
439 3108 531 3189 parte
550 3104 682 3167 dimidia
700 3104 884 3187 separatim,
908 3105 935 3167 si
953 3127 1017 3170 uno
1036 3106 1158 3171 iudicio

147 3194 238 3278 liber,
261 3195 362 3259 altero
386 3216 497 3258 servus
521 3192 680 3257 iudicatus
704 3197 762 3275 est,
785 3192 1084 3258 commodissimum
1108 3199 1159 3259 est

148 3303 185 3345 eo
213 3305 313 3366 usque
342 3283 414 3367 cogi
442 3283 574 3363 iudices,
602 3280 703 3345 donee
731 3282 947 3366 consentiant3
977 3283 1003 3346 si
1032 3283 1065 3346 id
1090 3304 1158 3347 non

148 3373 326 3456 ocntinget,
355 3370 511 3434 Sabinum
538 3369 676 3432 refertur
703 3371 903 3434 existimasse
932 3370 1004 3435 duci
1028 3394 1158 3437 servum

148 3458 261 3523 debere
294 3460 334 3523 ab
368 3480 405 3522 eo
436 3458 490 3543 qui
517 3457 661 3541 vicisset,
694 3458 783 3523 ouius
812 3459 994 3523 sententiae
1023 3458 1158 3526 Cassius

148 3567 274 3633 quoque
298 3550 412 3611 est...
