2422 3976
165 193 231 259 502
269 193 303 249 v.
320 190 470 249 uuevnn
488 191 536 248 nu
552 192 707 249 uanam
722 192 831 251 eune.
849 192 947 251 Iouis
966 162 1146 251 consumi

167 364 299 423 oetaeum
311 360 397 420 iuter
414 379 465 421 eos
479 361 530 437 qui
544 364 576 421 et
588 361 796 438 Epistularum
810 364 841 422 et
853 360 1073 432 Quaestionum
1085 363 1175 423 libros

167 450 333 527 ediderunt,
342 448 503 511 Africanus
511 469 629 528 quoquo
638 450 840 511 numerandus
848 454 903 511 est
918 450 1176 512 osana-121.

165 538 257 599 huius
284 529 401 616 generis
426 538 518 598 libros
545 558 618 598 num
639 537 804 599 Mommsen
827 537 859 601 Z.
878 533 981 600 ΕΚΘ.
999 539 1054 618 ΙΧ,
1072 542 1112 601 93
1127 558 1178 620 η,

166 626 215 688 eni
243 626 379 705 Krueger
404 648 433 704 p.
455 628 517 687 132
550 626 766 705 adstipulatur,
796 628 968 688 soholarum
1000 629 1074 689 usui
1099 631 1178 689 reete

166 715 317 775 attribuat
338 707 630 795 (nuneimnungon
652 716 705 776 der
727 735 787 778 von
809 716 867 777 den
885 715 1006 777 Htrern
1027 716 1179 797 gothonen

167 804 285 882 Frogen
313 804 374 864 und
397 805 450 865 der
472 822 532 866 von
553 804 622 864 dem
644 804 757 865 Lehrer
780 805 940 865 ortheilten
962 799 1180 890 Antworten'),

164 892 198 952 in
218 892 333 953 ineerto
355 893 501 970 relinquo.

258 979 413 1058 Capitibus
442 1000 480 1043 ex
509 981 575 1041 inre
605 981 756 1058 praetorio
786 982 953 1060 desumptis
980 982 1058 1045 iuris
1085 984 1180 1046 civilis

165 1071 313 1148 quaedam
335 1069 439 1131 addita
461 1088 525 1131 osse
548 1072 682 1148 oppetat.

590 1265 699 1326 Liber
720 1265 748 1328 Ι.

480 1438 484 1447 ,
513 1382 564 1450 Do
584 1384 674 1451 retae
695 1385 824 1451 oredits's.

255 1501 282 1564 1.
309 1499 349 1565 D.
365 1499 416 1582 12,
431 1501 460 1582 1,
476 1500 504 1580 1,
519 1500 547 1565 1.
592 1498 753 1585 Ulpianus
775 1499 859 1566 libro
882 1500 1063 1569 vicensimo
1086 1506 1173 1569 sexto

165 1588 204 1652 ad
220 1587 359 1653 edietum
374 1586 424 1675 (P.
439 1584 527 1675 755).
541 1624 584 1634 -
599 1640 606 1653 .
621 1636 629 1652 .
644 1637 652 1653 .
671 1592 709 1653 ut
721 1588 805 1655 libro
818 1589 925 1675 primo
940 1587 1171 1666 Quaestionum

164 1674 278 1742 Oelsus
301 1676 361 1761 ait,
385 1674 532 1742 credendi
554 1677 717 1762 generalis
740 1678 1003 1764 appellatio'est.

574 1875 686 1937 Liber
706 1876 761 1937 IV.
866 1888 871 1896 '

216 1995 304 2077 Quod
324 2016 394 2062 olm
415 2016 449 2062 eo
470 1984 533 2078 qut
546 1996 582 2061 in
603 1996 708 2062 etiem
723 2001 871 2080 potestate
892 2002 938 2064 est
958 2001 1114 2083 nepotiano

491 2089 609 2168 pestem
631 2105 693 2151 osse
714 2086 839 2152 dioetw.

254 2199 295 2264 2?
322 2197 361 2264 D.
378 2201 428 2285 14,
443 2200 472 2275 6,
488 2201 566 2282 lpr.
606 2200 766 2284 Ulpianus
788 2202 872 2266 libro
891 2203 1069 2269 vicensimo
1087 2222 1160 2267 nouo

166 2289 206 2354 ad
234 2289 373 2353 edietum
402 2285 451 2374 (P.
465 2286 573 2373 876b).
600 2325 637 2336 -
663 2340 692 2356 ..
717 2291 745 2354 si
771 2290 858 2356 filius
884 2291 1028 2356 familias
1050 2292 1160 2356 fideius-

165 2379 256 2462 sorit,
283 2375 437 2441 Neratius
465 2378 548 2442 libro
575 2379 680 2463 primo
709 2382 741 2442 et
771 2379 910 2444 secundo
934 2379 1158 2464 Responsomn

165 2487 291 2532 cessare
306 2471 435 2530 senatus
450 2467 633 2531 consultum
648 2465 706 2553 (so.
715 2467 997 2553 Macedonianum)
1012 2470 1067 2536 ait.
1089 2467 1158 2533 idem

164 2554 276 2620 Celsus
299 2554 382 2619 libro
406 2560 530 2639 quarto.

251 2675 344 2734 Lenel
366 2676 568 2754 fragmentum
590 2677 719 2736 fortasse
741 2677 976 2754 Responsorum‚
1000 2677 1155 2753 neutiquam

163 2764 359 2842 Digestorum
399 2765 485 2824 libris
528 2765 751 2825 attribuendum
793 2785 858 2826 esse
894 2770 994 2845 notat,
1036 2761 1154 2844 ‘quorum

164 2852 241 2912 libro
264 2854 309 2911 IV
335 2853 511 2912 hereditatis
538 2854 646 2928 petitio
674 2849 847 2915 tractatur’.
896 2859 977 2915 sorte
1005 2855 1154 2934 fragmento

163 2942 223 3000 trie
250 2942 280 3000 in
304 2942 463 3001 Iustiniani
485 2941 627 3018 Digestis·
647 2943 718 3002 huic
746 2943 953 3004 antecedentia
977 2964 1014 3004 ex
1037 2939 1152 3014 Quaesti-

166 3048 256 3088 onum
279 3031 364 3090 libris
388 3031 546 3105 desumpta
570 3033 649 3090 eunt.

553 3226 678 3315 <siser
699 3225 767 3287 ΧΠ.

534 3344 584 3410 De
606 3347 799 3413 testamentis.

251 3459 280 3522 3.
305 3459 344 3523 D.
358 3458 410 3542 28,
425 3457 454 3543 5,
469 3462 499 3544 9,
513 3461 542 3525 2.
566 3459 726 3546 Ulpianus
740 3461 823 3526 libro
839 3463 954 3547 quinto
966 3462 1007 3528 ad
1017 3460 1147 3528 Sabinum

164 3541 212 3629 (P.
233 3545 361 3635 24600).
390 3584 433 3594 -
461 3599 495 3614 ..
523 3547 551 3614 si
579 3571 644 3615 non
672 3552 705 3615 in
734 3571 866 3634 corpore
894 3554 1028 3638 erravit,
1054 3545 1146 3616 sedin
