2460 3976
115 180 180 246 394
216 181 250 235 V.
268 178 419 235 NERVAE
437 179 485 236 ET
504 176 1098 236 TRAIANITEMP.1URISGONSULT1

247 382 283 444 V.
307 383 472 444 Incertae
496 382 637 442 omnino
662 381 758 442 sedis
781 382 997 461 fragmenta.

441 501 491 567 De
512 503 580 569 iure
601 501 800 568 armandi.

204 610 232 673 1.
253 608 292 674 D.
307 609 359 693 28,
374 609 403 690 8,
417 607 494 692 5pr.
530 607 619 673 Idem
636 605 693 694 (sc.
707 604 883 695 Ulpianus)
897 607 984 676 libro
1000 613 1123 695 septus·

114 697 259 782 gensimo
283 697 323 761 ad
347 697 486 761 edictum
509 694 556 783 (P.
577 694 754 783 1397)..-·-
776 695 889 764 Aristo
917 697 1035 766 scribit
1061 720 1122 767 non

113 787 216 851 solum
246 785 472 868 oreditoribus,
501 785 555 850 sed
579 785 745 850 etheredi
768 785 921 851 instituto
944 791 1121 869 praetorem

113 875 282 940 subvenire
314 874 430 939 debere
461 873 576 958 hisque
604 874 731 958 copiam
758 874 1052 941 instrumentorum
1080 877 1121 942 in·

113 962 352 1047 spiciendorum
380 963 501 1047 facere,
528 967 565 1028 ut
591 963 724 1047 perinde
747 963 907 1031 instruere
928 985 966 1030 se
989 965 1120 1050 possint

112 1052 259 1136 expediet
280 1073 340 1117 nec
361 1073 401 1119 ne
426 1072 601 1137 agnoscere
624 1051 845 1119 hereditatem.

421 1210 471 1277 De
492 1211 528 1277 iu
548 1210 667 1293 factum
688 1213 814 1279 actione.

200 1320 230 1384 2.
254 1317 293 1384 D.
310 1319 359 1402 19,
374 1318 404 1402 5,
420 1319 470 1402 16,
487 1319 514 1386 1.
551 1316 749 1402 Pomponius
767 1317 852 1387 libro
875 1319 1054 1390 vicensimo
1076 1341 1115 1388 se

110 1408 215 1474 cundo
244 1407 286 1472 ad
315 1406 470 1474 Sabinum
498 1403 548 1493 (P.
570 1407 656 1490 702).
682 1443 728 1457 --
754 1405 936 1474 Permisisti
967 1409 1062 1496 mihi,
1086 1412 1116 1478 ut

112 1518 250 1562 sererem
277 1497 311 1562 in
340 1496 439 1564 fundo
467 1499 523 1560 tuo
551 1500 584 1561 et
610 1495 733 1560 fructus
761 1496 918 1562 tollerem.
970 1499 1114 1567 savineo

110 1585 232 1668 pateris
247 1607 298 1650 me
311 1584 436 1651 fruetus
450 1585 572 1651 tollere.
605 1584 730 1651 nullam
744 1584 824 1651 iuris
838 1585 943 1653 uirilis
959 1589 1113 1655 actionem

110 1694 180 1739 esse
204 1674 316 1739 Aristo
345 1673 404 1756 ait3
432 1696 474 1740 an
499 1673 534 1738 iu
556 1673 678 1740 factum
702 1673 771 1739 dari
794 1673 925 1760 debeat,
952 1673 1111 1744 deliberari

109 1783 213 1846 posse.

197 1853 377 1931 Pomponius
400 1855 498 1917 addit:
522 1849 586 1917 ‘sed
609 1855 667 1917 erit
690 1856 726 1917 de
750 1850 840 1917 dolo'.

384 2010 433 2074 De
453 2011 566 2095 plaude
587 2012 691 2075 aliem
713 2012 848 2095 depasto.

199 2118 228 2182 3.
266 2116 304 2182 D.
330 2119 380 2201 19,
404 2117 433 2200 5,
459 2118 510 2200 14,
533 2118 562 2183 3.
617 2116 707 2182 Idem
739 2114 795 2204 (se.
829 2117 1005 2204 Ulpianus)
1037 2119 1107 2186 libro

110 2206 379 2290 quadragensimo
412 2208 516 2289 primo
549 2206 590 2272 sd
618 2204 773 2272 Sabinum
803 2205 851 2292 (P.
875 2205 989 2296 2867).
1019 2245 1055 2256 -
1082 2203 1107 2270 si

110 2297 202 2378 glans
231 2317 269 2358 ex
298 2295 412 2359 arbore
441 2300 498 2358 tua
523 2296 557 2358 in
581 2317 687 2359 meum
710 2294 844 2360 fundum
868 2297 964 2362 cadat
988 2312 1107 2381 eamque

109 2404 169 2466 ego
192 2384 339 2449 immisso
363 2406 477 2468 pecore
501 2384 686 2466 depascam,
709 2384 820 2449 Aristo
840 2386 954 2449 scribit
972 2408 1037 2451 non
1056 2378 1107 2449 sibi

109 2493 272 2538 occurrere
305 2474 483 2557 legitimam
516 2474 691 2557 actionem,
724 2495 787 2555 qus
815 2473 955 2557 experiri
983 2475 1107 2562 possim,

107 2581 183 2625 nam
206 2582 310 2646 neque
335 2563 467 2647 exlege
491 2561 657 2626 duodecim
682 2561 864 2626 tabularum
889 2562 928 2626 de
952 2568 1047 2647 pastu
1063 2581 1107 2646 pe·

108 2651 204 2733 eoric,
235 2652 309 2734 quia
336 2671 403 2715 nou
430 2650 464 2714 in
494 2654 551 2715 tuo
578 2651 737 2737 pascitur,
764 2671 866 2734 neque
900 2651 939 2716 de
966 2650 1107 2739 pauperie

107 2757 211 2821 neque
227 2739 291 2820 [de]
313 2739 421 2802 damni
441 2739 575 2803 iniuriae
595 2740 651 2825 agi
668 2761 772 2824 posse.
802 2740 848 2819 [iu
868 2738 992 2805 factum
1011 2742 1107 2824 itaque

107 2825 168 2888 erit
191 2827 372 2910 agendum]

195 2919 338 2979 Extrema
362 2923 453 2984 verbs
477 2921 606 2998 Ulpiani,
628 2941 689 2981 nou
709 2923 858 2982 Aristonis
882 2922 1023 2985 videntur
1045 2939 1108 2984 esse.

532 3096 691 3107 --·-—·-

328 3215 369 3296 6.
405 3221 678 3296 IAVOLUNUS
705 3222 897 3296 PRISOUS

193 3366 242 3425 rel
279 3364 367 3441 pleno
400 3366 518 3424 nomine
552 3365 583 3426 C.
617 3359 731 3447 (potius
762 3358 811 3450 L.)
844 3365 988 3428 Octavius
1022 3368 1112 3428 Titius

106 3452 268 3512 Tossianus
295 3452 453 3512 Iauolenus
482 3453 615 3531 Priscus,
648 3461 735 3516 natus
766 3460 835 3515 ante
863 3477 890 3517 a.
917 3460 972 3534 60,
1005 3457 1112 3536 origine

104 3541 234 3600 fortasse
256 3541 433 3601 Nedinensis
456 3534 627 3623 (Hirchfeld
651 3546 688 3603 sd
713 3539 977 3629 01L111,2864)‚
1000 3549 1113 3627 legatus
