2422 3976
152 190 187 247 V.
208 189 308 257 QUOD
328 188 498 245 ‘melsun’
519 187 590 244 VEL
611 187 743 244 ‘VULGO
762 187 927 244 DICITUR’.
992 188 1058 252 593

136 355 189 419 27.
214 352 252 418 D.
275 354 305 435 8,
328 354 358 434 6,
382 355 411 419 3.
457 350 558 417 Gaius
580 352 665 415 libro
689 351 828 434 septimo
851 350 892 414 ad
920 351 1059 416 edictum

79 442 255 510 'ovinciala
278 478 321 489 —
343 441 418 506 lura
435 442 640 525 praediorum
659 444 764 504 morta
778 443 811 503 et
825 440 941 522 capitis
960 440 1058 504 demi·

79 533 182 597 ltiono
204 551 272 595 non
294 529 399 615 perire
421 529 520 615 vulgo
543 529 698 594 traditum
722 532 780 593 est.

306 733 334 790 2.
361 729 415 788 Ad
433 728 590 789 edictum
612 729 804 805 praetoris.

251 848 302 914 Dc
323 849 526 931 coquitorclus
548 853 577 912 et
592 848 854 930 procuratorclms.

80 972 201 1128 m287
223 973 262 1038 D.
288 973 337 1056 12,
361 974 391 1054 3,
416 974 444 1036 7.
484 971 644 1055 Ulpianus
667 972 752 1037 libro
776 977 890 1037 octavo
915 972 955 1036 ad
978 971 1059 1038 edio·

150 1098 188 1110 -
213 1060 325 1146 Vulgo
343 1062 561 1145 praesumitur
579 1061 677 1126 alium
696 1061 730 1125 in
749 1062 840 1125 litem
859 1083 925 1125 non
943 1061 1058 1127 daborc

79 1149 588 1323 rar39qussm3d031ussmlsi3tgisus
615 1238 696 1302 libro
724 1238 821 1302 tertio
852 1237 893 1302 ad
917 1238 1001 1303 edict
987 1242 1058 1304 tum

79 1329 318 1394 071ηοί111-
366 1328 534 1393 ..dicitur
560 1325 735 1411 aliquando
759 1326 936 1411 cogendum
958 1329 1059 1411 coqui-

79 1415 160 1483 rem¹
183 1416 336 1482 indicium
364 1380 523 1500 accipere,
550 1414 650 1480 voluti
678 1417 705 1480 si
728 1415 877 1480 dominos
905 1438 1057 1500 praesens

79 1528 113 1572 tn
138 1507 182 1571 sit
204 1510 238 1570 et
262 1513 351 1570 actor
374 1504 524 1570 adfirmat
546 1508 630 1569 tract
616 1510 651 1569 tu
674 1505 829 1587 temporis
852 1503 997 1569 futurum
1020 1509 1058 1569 ut

79 1616 141 1680 'p
118 1598 255 1750 pgDealtl.
284 1683 335 1766 l7,
364 1682 392 1766 l,
420 1682 451 1764 8,
482 1683 512 1748 3.
557 1679 717 1764 Ulpianus
747 1681 831 1746 libro
864 1681 1061 1768 trigensimo

79 1772 149 1837 imo
173 1771 213 1836 ad
237 1771 386 1836 edictum.
412 1807 450 1816 -
477 1792 758 1854 ...quamquam
773 1769 883 1834 .<rvul
862 1791 903 1855 go
931 1771 1018 1836 dicat
1004 1775 1058 1835 tur

79 1864 288 1926 ocuratorem
315 1862 391 1924 anto
414 1859 453 1923 lit
439 1863 505 1923 tem
527 1863 743 1923 contestatam
771 1858 876 1923 facere
908 1881 1056 1941 procura-

79 1970 149 2014 rem
173 1970 239 2014 non
262 1969 366 2033 posse.

180 2125 231 2191 Dc
252 2127 436 2207 dcfhndcndo
459 2146 491 2190 co
513 2127 601 2190 cuius
621 2126 745 2190 nominc
762 2125 832 2207 qais
853 2125 927 2206 coit.

131 2251 184 2316 31.
207 2251 247 2316 D.
269 2252 323 2334 26,
347 2253 377 2333 7,
399 2251 452 2316 23.
497 2248 659 2334 Ulpianus
688 2249 772 2314 libro
796 2269 882 2313 nono
907 2248 947 2312 ad
971 2247 1054 2314 edic-

80 2362 122 2404 m.
143 2375 186 2386 -
200 2337 311 2424 Vulgo
334 2339 526 2405 observatur
548 2361 588 2403 ne
611 2341 701 2402 tutor
723 2341 835 2402 caveat
857 2340 962 2401 ratam
985 2359 1053 2401 rem

79 2427 204 2513 lpillum
228 2428 425 2510 habiturum,
450 2428 526 2512 quia
548 2449 616 2491 rem
638 2425 673 2491 in
696 2426 850 2490 iudicium
874 2425 1008 2490 deducit.

197 2604 248 2670 Dc
269 2605 416 2671 bonorum
432 2605 621 2687 posscssicoc
642 2613 747 2669 contra
770 2602 898 2668 tabulas.

130 2729 182 2795 32.
206 2729 245 2793 D.
268 2730 320 2807 37,
342 2731 374 2814 4,
399 2729 447 2794 19.
475 2765 513 2776 -
539 2776 568 2793 ..
587 2727 815 2811 Tryphoninus
835 2726 918 2790 libro
938 2726 1052 2811 quinto

80 2817 165 2883 cimo
195 2816 462 2902 Disputationum
486 2866 520 2881 ..
546 2854 584 2863 -
611 2866 643 2882 ..
671 2817 769 2900 volgo
797 2815 914 2879 dicitur
941 2815 1053 2879 liberis

79 2912 152 2971 ‚tam
176 2907 335 2970 bonorum
358 2906 594 2989 possessionem
617 2911 728 2969 contra
750 2905 874 2988 lignum
897 2925 976 2970 esso.

114 3045 124 3076 ¹
145 3045 222 3101 Trcl.
241 3045 457 3115 procuratorem.

449 3311 645 3341 -aefloe—

96 3649 193 3698 Iurispr.
208 3650 325 3690 antshsdr.
339 3648 387 3687 rell.
403 3648 437 3687 sd.
452 3648 552 3687 Bromcr.
572 3647 604 3698 11,
614 3650 632 3687 2.
804 3638 838 3688 38
