2422 3976
141 175 211 239 ’148
231 173 278 232 IIL
288 173 365 229 GAII
374 171 521 229 CLAUDII
530 172 666 231 NERON.
677 169 820 228 Gnnssnu
829 169 936 226 ΤΕΜΡ.
945 168 1042 225 runls
1053 167 1161 226 CONS.

236 342 273 402 cf.
292 341 366 400 Inst.
386 343 414 418 3,
435 342 486 418 23,
506 342 534 400 2.
567 385 596 400 ..
619 339 740 399 Proculi
767 338 916 399 sententia
942 337 1068 398 dicentis
1091 357 1161 414 per·

149 430 346 490 mutationem
363 429 517 506 propriam
536 447 600 488 esse
620 429 746 505 speciem
760 430 931 489 contractus
950 444 970 487 a
985 426 1159 487 venditione

149 521 385 596 separatam...
421 516 485 577 Gai.
501 520 531 595 3,
547 519 618 576 141.
656 517 791 577 diversae
814 516 933 576 scholae
952 518 1091 575 auctores
1106 559 1114 574 .
1128 559 1160 574 ..

149 608 233 667 alind
260 651 295 668 ..
323 625 388 666 esse
424 605 598 666 existimant
634 604 886 682 permutationem
921 623 1035 683 rerum,
1071 603 1159 665 aliud

151 695 333 773 emptionem
357 698 388 754 et
411 694 622 754 venditionem.

236 797 289 863 37.
322 795 363 861 Ι).
384 797 433 880 18,
452 797 482 878 6,
501 796 579 879 8pr.
622 794 712 860 Idem
740 791 797 880 (sc.
825 792 960 880 Paulus)
987 793 1073 860 libro
1101 795 1160 861 tri-

149 885 295 972 gensimo
332 885 431 950 tertio
463 883 504 948 ad
536 883 675 949 edictum
704 881 753 968 (P.
776 879 867 970 513).
894 919 938 929 -
965 880 1159 949 Necessario

151 973 316 1040 sciendum
340 977 404 1055 est,
432 972 558 1058 quando
581 972 725 1057 perfecta
747 973 792 1036 sit
814 972 949 1057 emptio,
971 976 1049 1037 tuuc
1071 973 1160 1039 enim

150 1064 302 1145 sciemus,
330 1062 421 1127 cuins
444 1061 622 1144 pericnlum
645 1063 700 1146 sit,
730 1083 806 1124 nam
829 1060 971 1144 perfecta
994 1060 1159 1144 emptione

149 1151 328 1235 periculum
352 1150 392 1214 ad
416 1153 593 1234 emptorem
614 1149 775 1233 respiciet.
811 1157 844 1213 et
866 1149 894 1213 11
915 1148 948 1212 id
966 1148 1052 1233 quod
1069 1149 1159 1214 veni-

150 1241 214 1305 erit
237 1242 394 1322 appareat
418 1237 493 1323 quid
516 1237 609 1322 quale
632 1241 789 1322 quantum
811 1238 862 1316 sit,
886 1238 930 1302 sit
952 1243 986 1302 et
1007 1238 1158 1322 pretium,

150 1333 183 1393 et
208 1349 287 1413 pure
311 1326 413 1410 venit,
438 1326 581 1410 perfecta
604 1331 654 1391 est
677 1327 814 1408 emptio,
841 1325 926 1410 quod
949 1325 977 1390 si
1000 1326 1061 1391 sub
1084 1347 1158 1394 oon·

153 1415 278 1482 dicione
296 1438 348 1481 res
368 1415 512 1499 venierit,
531 1415 560 1479 si
578 1415 706 1499 quidem
725 1414 875 1480 defecerit
894 1413 1050 1498 condicio,
1067 1415 1159 1480 nulla

151 1508 201 1570 est
233 1504 367 1591 emptio,
400 1504 494 1568 sicuti
521 1525 581 1569 nec
608 1503 789 1587 stipulatio,
822 1503 907 1588 quod
935 1503 963 1567 si
990 1502 1159 1585 exstiterit,

150 1592 309 1659 Proculus
331 1595 364 1656 et
386 1590 564 1659 Octauenus
588 1591 742 1676 emptoris
765 1613 834 1657 esse
856 1591 1036 1676 periculum
1060 1591 1158 1659 aiunt.

513 1747 556 1803 Dc
572 1749 660 1816 feudo
678 1749 794 1804 vendito.

238 1849 290 1917 38.
324 1847 361 1914 D.
383 1849 439 1931 21,
462 1849 496 1932 2,
522 1848 572 1914 13.
621 1848 740 1913 Ρ11111
772 1849 855 1914 libro
889 1848 1001 1934 quinto
1035 1849 1077 1915 ad
1105 1848 1158 1915 Sa·

153 1938 265 2002 binum
294 1934 344 2022 (P.
365 1935 549 2026 171711-
572 1936 733 2002 Bonitatis
761 1937 1019 2002 aestimationem
1043 1938 1157 2005 facien·

151 2026 239 2108 dam,
274 2048 346 2091 cum
374 2048 448 2109 pars
477 2025 647 2109 evincitur,
677 2024 832 2090 Proculus
851 2075 881 2093 ..
900 2028 1051 2111 putabat,
1079 2048 1157 2113 quae

150 2114 265 2178 fuisset
288 2114 481 2180 venditionis
505 2117 663 2197 tempore,
686 2136 751 2179 non
775 2136 847 2179 curn
870 2114 1081 2182 euinceretur.

239 2203 290 2269 39.
313 2203 352 2269 D.
369 2203 419 2284 19,
432 2205 462 2287 2,
473 2202 502 2269 3.
535 2203 732 2286 Pomponius
747 2202 831 2268 libro
848 2224 934 2267 nono
949 2202 989 2267 ad
1004 2201 1156 2270 Sabinum

151 2288 201 2378 (P.
221 2288 310 2378 551).
337 2328 379 2339 —
408 2290 489 2358 Cum
519 2291 636 2356 fundus
664 2292 787 2358 locetur
815 2298 848 2356 et
875 2292 1084 2357 aestimatum
1111 2294 1156 2358 in-

152 2385 367 2445 strumentum
391 2381 524 2446 colonus
549 2379 700 2464 accipiat,
727 2379 881 2445 Proculus
906 2380 952 2445 111
974 2380 1008 2444 id
1033 2382 1102 2467 agi,
1123 2384 1156 2446 ut

150 2469 399 2534 instrumentum
434 2471 578 2551 emptum
610 2468 729 2532 habeat
757 2469 905 2552 colonus,
937 2469 1032 2535 sicuti
1061 2471 1156 2550 fieret,

151 2581 224 2624 curn
248 2557 324 2642 quid
348 2557 555 2622 aestimatum
578 2558 611 2621 in
635 2557 742 2622 dotem
766 2557 904 2623 daretur.

483 2713 526 2767 De
543 2714 689 2783 mancipiis
707 2713 831 2768 venditis.

240 2813 292 2876 40.
324 2811 363 2875 D.
382 2812 433 2893 21,
452 2813 482 2897 2,
503 2814 552 2897 16,
571 2814 601 2878 2.
650 2811 847 2898 Pomponius
880 2814 965 2878 libro
999 2835 1087 2881 nono
1120 2815 1157 2881 ad

153 2898 307 2965 Sabinum
330 2899 380 2984 (P.
395 2900 483 2987 599).
503 2938 543 2947 -
564 2900 599 2966 Si
622 2924 740 2986 servus,
764 2903 852 2968 cuius
876 2902 1007 2967 nomine
1027 2903 1159 2990 duptam

153 2988 299 3071 stipulati
330 3010 452 3074 sumus,
484 2989 604 3054 evictus
631 2989 729 3054 fuerit
757 3013 775 3055 a
802 2991 910 3075 nobis,
942 2991 983 3054 ob
1011 2991 1047 3055 id
1076 2991 1161 3078 quod

151 3076 309 3161 fugitivus
337 3078 388 3142 vel
413 3100 509 3142 sanus
533 3100 598 3142 non
619 3077 718 3142 fuerit
742 3101 783 3142 an
808 3099 901 3164 agere
925 3079 1028 3144 nihilo
1053 3085 1159 3146 minus

152 3166 326 3249 possimus,
355 3167 519 3251 quaeritur
543 3166 571 3250 <.
588 3215 595 3231 .
611 3167 641 3251 .>
666 3167 819 3233 Proculus
843 3167 1017 3232 videndum
1040 3171 1097 3254 ait,
1123 3191 1161 3235 ne

153 3255 215 3319 hoo
243 3277 368 3339 quoque
396 3256 537 3337 intersit,
565 3259 673 3319 utrum
701 3258 770 3320 tum
798 3257 919 3321 evictus
949 3256 993 3320 sit
1016 3279 1092 3322 cum
1113 3257 1162 3343 <si

154 3364 239 3407 anno
272 3365 344 3407 eum
375 3343 620 3428 possedissem,>
653 3367 741 3409 meus
768 3345 874 3409 faetus
902 3366 968 3409 non
993 3352 1095 3433 esset,
1122 3369 1162 3412 an

74 3466 79 3478 ·
153 3433 223 3495 tum
256 3453 327 3494 eum
360 3453 448 3495 meus
482 3432 584 3497 factus
618 3437 715 3517 esset,
747 3434 779 3496 in
813 3455 850 3499 eo
879 3433 965 3497 enirn
993 3456 1071 3500 casu
1100 3457 1161 3520 quo

153 3519 203 3600 <si
228 3542 311 3585 anno
336 3541 407 3583 eum
430 3521 675 3605 possedissem,>
698 3543 786 3586 meus
809 3522 914 3589 factus
938 3527 1024 3606 esset,
1051 3525 1165 3590 statim
