2422 3976
187 216 235 273 HL
257 216 354 285 QUAE
373 216 541 272 RECEPTA
560 215 926 285 SUNT,PLAGUERUNT
944 215 1107 281 arc.581

99 380 190 447 verbi
208 381 316 467 gratia
333 383 486 461 trecenta,
508 382 616 443 utrum
640 380 760 464 emptio
785 384 817 444 et
836 380 976 445 venditio
1000 380 1044 444 sit
1067 402 1109 444 an

99 469 219 535 locatio
243 474 277 535 et
299 468 490 534 conductio?
520 467 575 532 sed
598 469 704 551 placet
727 490 825 551 unum
849 490 919 533 esse
941 469 1109 553 negotium

99 562 133 624 et
155 558 261 642 magia
285 559 471 641 emptionen
494 560 527 621 et
550 557 765 621 venditionem
790 579 866 622 esse.

189 646 243 713 35.
266 643 337 711 Gai.
360 645 390 730 3,
415 645 487 712 145.
516 681 558 691 —
587 694 616 710 ..
641 649 669 710 ei
697 667 760 730 qua
788 669 838 711 res
862 648 894 710 in
918 650 1110 731 perpetuum

97 736 208 801 locata
222 740 281 819 est,
295 735 381 820 quod
396 735 503 799 euenit
516 735 550 798 in
564 734 703 818 praediis
718 736 925 819 municipum,
945 783 987 800 ...
1004 734 1109 819 magis

96 824 224 907 placuit
246 824 441 889 locationem
464 823 762 907 conductionenque
786 845 863 889 esse.

189 912 241 979 36.
278 910 349 977 Gai.
381 913 412 995 3,
443 912 515 977 146.
543 948 585 958 -
613 960 647 978 ..
681 913 709 976 si
741 912 935 996 gladiatores
969 934 1007 976 ea
1038 913 1110 996 lege

96 1000 160 1067 tibi
177 1000 375 1082 tradiderim,
397 1002 484 1065 utin
505 1001 651 1084 singulos
670 1001 726 1085 qui
745 1001 862 1086 integri
882 1000 1026 1081 exierint,
1049 1022 1109 1083 pro

98 1090 217 1155 sudore
240 1089 364 1154 denarii
378 1088 440 1153 XX
465 1089 545 1153 mihi
563 1089 725 1174 darentur,
743 1091 776 1153 in
796 1111 849 1154 eos
869 1111 943 1154 vero
964 1088 1109 1173 singulos

98 1177 156 1263 qui
183 1178 281 1243 occisi
309 1182 366 1242 aut
388 1178 548 1242 debilitati
571 1178 705 1260 fuerint,
734 1178 857 1242 denarii
881 1178 987 1262 mille,
1014 1199 1110 1260 quae-

96 1266 193 1351 ritur,
210 1269 317 1331 utrum
337 1267 458 1350 emptio
478 1271 511 1331 et
529 1267 672 1331 venditio
692 1290 735 1332 an
754 1267 871 1331 locatio
891 1271 924 1331 et
940 1266 1109 1331 conductio

98 1356 321 1422 contrahatur.
341 1363 373 1420 et
389 1355 494 1440 magis
509 1355 630 1439 placuit
645 1378 755 1420 eorum
770 1357 825 1440 qui
840 1355 958 1439 integri
974 1355 1111 1419 exierint

97 1443 297 1510 locationem
313 1447 347 1508 et
364 1443 595 1509 conductionen
610 1448 808 1509 contractam
823 1444 932 1527 videri,
952 1448 985 1508 at
999 1465 1110 1508 eorum

98 1533 155 1617 qui
184 1531 281 1597 occisi
313 1537 369 1596 aut
400 1532 558 1597 debilitati
587 1538 672 1616 sunt,
704 1535 901 1617 emptionem
939 1538 972 1597 et
1003 1532 1110 1596 vendi-

97 1621 221 1687 tionem
245 1642 323 1686 esse.
1134 1636 1135 1639 ’

463 1742 510 1801 De
532 1737 748 1802 communione.

189 1851 240 1915 37.
286 1847 325 1914 D.
363 1851 413 1932 10,
445 1851 475 1935 3,
508 1852 537 1933 2,
574 1854 600 1917 1.
646 1850 746 1917 Gaius
783 1853 866 1917 libro
899 1853 1037 1938 septimo
1071 1852 1111 1917 ad

98 1939 242 2004 edictum
268 1939 474 2022 provinciale.
507 1976 543 1985 —
576 1939 615 2003 In
643 1942 747 2005 tribus
776 1941 957 2025 duplicibus
984 1941 1111 2004 iudiciis

97 2026 244 2093 familiae
275 2027 488 2110 erciscundae,
512 2029 674 2093 communi
703 2027 886 2113 dividundo,
917 2029 1030 2093 finium
1062 2051 1110 2093 re·
1176 2103 1186 2118 α

99 2115 283 2200 gunderam
307 2120 481 2200 quaeritur,
505 2118 576 2202 quis
601 2121 692 2181 actor
714 2119 930 2203 intellegatur,
953 2118 1029 2202 quia
1051 2139 1111 2200 par

99 2226 199 2269 cauea
223 2205 366 2269 omnium
390 2205 525 2271 videtur.
561 2205 616 2269 sed
639 2208 743 2289 magis
766 2208 889 2292 placuit
913 2229 984 2271 eum
1010 2206 1111 2271 videri

100 2296 255 2377 actorem,
279 2295 335 2378 qui
359 2293 399 2357 ad
422 2294 575 2358 iudicium
598 2300 814 2378 provocasset.
1125 2295 1126 2298 ’

189 2405 468 2485 dssbbffi

464 2570 515 2635 De
536 2573 604 2635 iure
626 2573 752 2637 dotium.

190 2683 242 2751 38.
274 2684 313 2749 D.
347 2685 399 2762 24,
427 2686 457 2767 2,
484 2687 515 2768 2,
544 2687 572 2752 2.
619 2685 718 2751 Gaius
750 2686 836 2750 libro
869 2686 1036 2750 undecimo
1069 2685 1110 2750 ad

99 2774 240 2839 edictum
263 2773 470 2857 provinciale.
495 2810 533 2820 —
558 2773 596 2838 In
621 2775 827 2858 sponsalibus
851 2825 879 2840 ..
903 2774 1111 2839 discutiendis

98 2862 222 2946 placuit
244 2863 517 2926 renuntiationem
541 2863 733 2928 intervenire
757 2868 915 2947 oportere,
940 2863 972 2926 in
994 2885 1057 2946 qua
1075 2885 1110 2927 re

52 2978 57 2985 ·
99 2952 180 3016 haec
203 2951 303 3015 verba
325 2950 464 3033 probata
487 2955 574 3015 sunt:
599 2952 784 3017 condicione
807 2958 863 3017 tua
886 2975 952 3017 non
974 2955 1056 3017 utor.

190 3039 242 3105 39.
266 3036 336 3104 Gai.
362 3040 396 3122 1,
421 3039 535 3123 lresq.
567 3076 605 3086 -
634 3038 815 3125 Nepotibus
840 3041 1110 3125 ..neptibusque

98 3129 146 3193 ila
169 3127 297 3192 demum
320 3148 491 3212 possumus
515 3133 711 3194 testamento
735 3133 858 3194 tutores
882 3130 966 3212 dare,
990 3130 1111 3212 sipost

100 3220 241 3281 mortem
263 3221 410 3280 nostram
433 3216 468 3280 in
484 3219 586 3299 patris
612 3219 661 3282 sui
684 3222 879 3301 potestatem
904 3218 998 3298 [iure]
1023 3239 1110 3281 reca-

99 3305 169 3371 suri
200 3326 266 3369 non
298 3305 364 3369 sint
387 3353 395 3369 .
415 3355 422 3369 .
442 3355 449 3370 .
473 3328 545 3370 cum
576 3309 685 3370 tamen
717 3306 751 3370 in
783 3306 1003 3391 compluribus
1037 3305 1110 3370 aliis

99 3393 209 3459 causis
238 3394 381 3477 postumi
409 3416 467 3477 pro
497 3395 561 3458 iam
590 3395 676 3459 natis
704 3395 896 3479 habeantur,
928 3399 960 3458 et
986 3395 1021 3458 in
1048 3394 1110 3458 hac

98 3504 199 3548 causa
232 3482 355 3566 placuit
388 3503 455 3547 non
484 3484 589 3548 minus
618 3484 775 3566 postumia
803 3506 898 3567 quam
928 3485 994 3547 ium
1023 3483 1110 3547 natis

98 3574 297 3637 testamento
326 3574 450 3636 tutores
479 3571 549 3635 dari
575 3593 684 3657 posse,
712 3573 739 3638 si
767 3575 860 3637 modo
888 3573 922 3636 in
951 3593 988 3635 ea
1013 3593 1110 3635 causa
