2422 3976
100 201 165 264 550
465 197 738 253 ADDITAMENTA.

189 363 261 427 100.
284 361 323 425 D.
337 362 390 445 47,
406 361 456 443 10,
473 360 523 443 11,
537 362 566 426 3.
597 358 757 444 Ulpianus
780 360 865 424 libro
889 362 1109 447 quinquagen-

100 453 180 516 simo
209 452 348 534 septimo
377 449 416 513 ad
445 449 591 514 edietum.
618 486 655 496 -
682 448 716 513 si
744 448 897 514 mandatu
926 472 1001 516 meo
1024 450 1109 516 faeta

100 540 143 603 sit
175 540 271 603 alicui
301 537 432 621 iniuria,
464 538 607 622 plerique
637 537 728 603 aiunt
756 541 825 602 tam
853 559 905 602 me
935 539 992 624 qui
1019 561 1108 604 man·

100 626 172 692 davi
196 649 292 711 quam
315 649 389 691 eum
412 626 468 710 qui
492 626 633 712 suscepit
655 626 843 691 iniuriarum
868 628 981 692 teneri.

191 716 261 780 101.
284 714 447 798 D.47,30,
459 716 508 780 13.
540 714 700 798 Ulpianus
716 715 801 781 libro
815 716 1106 801 quinquagensimo

99 804 236 888 septimo
261 804 301 868 ad
325 804 471 868 edietum.
492 839 530 849 -
552 802 585 868 Si
609 805 682 889 quis
706 825 756 867 ma
777 803 950 888 prohibeat
971 805 1007 869 in
1025 806 1107 868 meri

98 893 222 976 piscare
245 892 295 956 vel
320 891 529 956 everriculum
629 893 751 974 ducere,
778 914 819 956 an
842 893 1038 959 iniuriarum
1059 894 1107 958 iu·

99 981 183 1046 dioio
206 981 328 1064 possim
351 1001 424 1044 eum
445 979 638 1045 convenire?
675 988 750 1044 sunt
766 981 822 1065 qui
839 985 958 1065 putent
976 982 1104 1047 iniuria·

99 1091 173 1134 rum
195 1091 246 1133 me
269 1090 364 1153 posse
387 1089 491 1152 ogere.

187 1179 360 1256 Sequuntur
382 1181 469 1239 haee:
493 1174 535 1239 ‘et
557 1181 601 1239 ita
623 1180 804 1256 Pomponius
827 1183 859 1240 et
880 1181 1021 1261 plerique
1044 1200 1104 1242 esse

97 1270 167 1328 huie
195 1268 322 1327 similem
348 1287 429 1342 enm,
457 1269 507 1346 qui
535 1268 567 1328 in
589 1269 742 1345 publicum
765 1270 866 1331 lavare
890 1271 940 1330 val
963 1271 995 1330 in
1019 1289 1106 1332 eavea

97 1357 218 1433 publiea
241 1359 342 1417 sedare
365 1357 415 1417 vel
438 1357 550 1436 inquo
573 1357 632 1416 elio
656 1358 721 1417 looo
745 1376 833 1435 agere
857 1359 962 1419 sedere
986 1377 1104 1419 eonver-

98 1446 159 1505 sari
185 1465 245 1505 non
272 1446 417 1521 patiatur,
446 1448 499 1505 aut
525 1447 549 1506 si
579 1445 645 1522 quis
672 1465 704 1505 re
729 1465 796 1506 mea
819 1447 865 1506 uti
888 1466 937 1507 me
959 1467 1022 1508 non
1043 1467 1104 1524 per-

97 1528 221 1595 mitat?

472 1617 522 1682 De
544 1619 730 1684 condictione.

188 1740 260 1804 102.
288 1739 325 1805 D.
347 1741 402 1824 12,
420 1742 454 1826 6,
472 1741 530 1824 60,
550 1744 578 1807 1.
618 1741 739 1807 Paulus
766 1743 850 1809 libro
880 1743 979 1810 tertio
1006 1743 1103 1819 Quae·

99 1829 249 1893 stionum.
277 1865 318 1875 -
344 1828 469 1896 Ubi..
493 1831 564 1913 quis
593 1830 678 1914 quod
705 1853 784 1916 pure
812 1831 908 1896 debet
943 1833 1004 1898 sub
1035 1853 1102 1897 oon-

98 1917 221 1982 dioione
244 1917 384 1984 novandi
407 1919 514 1983 animo
538 1920 696 2004 promisit,
720 1919 864 2004 plerique
885 1925 1004 2005 putant
1026 1942 1101 2004 pen-

98 2007 192 2070 dente
214 2007 388 2071 novatione
412 2007 553 2071 solutum
576 2011 719 2090 repetere
742 2029 852 2093 posse,
881 2009 959 2094 quia
981 2032 1020 2074 ex
1043 2031 1100 2093 qna

98 2095 296 2178 obligatione
324 2095 442 2176 solvat,
471 2094 574 2160 adhue
597 2095 756 2161 incertum
781 2097 837 2182 sit;
860 2097 1012 2182 idemque
1035 2119 1098 2162 esse

98 2185 209 2267 etiam,
237 2185 265 2247 si
293 2183 436 2248 diversas
464 2206 616 2267 personas
645 2207 747 2268 ponas
775 2186 908 2249 eandem
936 2187 1097 2271 peounism

97 2294 176 2355 pure
201 2276 233 2335 et
256 2272 314 2336 sub
340 2272 525 2336 condicione
549 2273 691 2337 novandi
714 2274 822 2338 animo
846 2275 1043 2358 promisisse.

187 2360 259 2426 103.
283 2360 352 2425 Gai,
368 2360 397 2442 3,
412 2361 464 2426 91.
484 2397 525 2406 -—
545 2410 574 2426 ..
592 2362 720 2445 quidam
738 2367 855 2445 putant
874 2364 1034 2447 pupillum
1049 2366 1095 2426 aut

98 2450 264 2513 mulierem
288 2450 338 2512 oui
362 2450 428 2513 sine
448 2450 566 2514 tutoris
587 2451 779 2514 auctoritate
797 2473 863 2515 non
884 2451 1028 2517 debitum
1046 2472 1094 2534 per

97 2559 236 2601 errorem
261 2538 372 2601 datum
391 2542 449 2622 est,
471 2560 537 2602 non
556 2541 658 2603 teneri
677 2539 889 2623 condictione,
912 2562 979 2606 non
999 2539 1091 2623 magis

97 2648 193 2708 quam
218 2626 321 2690 mutui
345 2625 483 2691 datione.

382 2802 432 2867 De
452 2804 610 2867 ruborum
633 2805 820 2887 oblipatione.

187 2927 257 2989 104.
282 2925 321 2989 D.
336 2927 388 3008 45,
404 2930 432 3007 1,
449 2929 521 3012 141,
530 2929 560 2992 4.
592 2927 692 2992 Gaius
713 2929 796 2992 libro
816 2930 956 2994 seeundo
977 2930 1014 2994 de
1027 2926 1088 2991 Ver·

97 3013 208 3076 borum
230 3012 500 3097 Obligationibus.
518 3052 555 3062 —
578 3014 612 3080 si
632 3017 716 3080 inter
735 3038 790 3080 eos
810 3018 865 3100 qui
880 3017 1004 3082 Romae
1021 3020 1088 3093 sunt,

95 3101 170 3164 talis
197 3102 255 3165 fiat
284 3104 449 3186 stipulatio
474 3103 581 3168 ‘hodie
605 3103 803 3189 Carthagine
827 3105 899 3169 dari
924 3101 1087 3190 spondes'l,

95 3190 225 3272 quidam
244 3195 360 3275 putant
382 3214 447 3255 non
467 3215 592 3275 semper
608 3193 710 3257 videri
723 3194 959 3277 impossibilem
974 3211 1084 3260 oausam

96 3278 299 3361 stipulationi
328 3281 497 3363 contineri,
523 3283 599 3364 quia
622 3283 726 3366 possit
749 3282 951 3366 contingere,
977 3288 1010 3346 ut
1032 3287 1084 3345 tan

97 3367 270 3448 stipulator
298 3390 394 3451 quam
424 3370 601 3452 promissor
627 3375 703 3434 ante
731 3370 862 3456 aliquod
890 3377 1015 3456 tempus
1039 3386 1083 3431 suo

95 3456 229 3537 quisque
253 3455 466 3538 dispensatori
489 3464 602 3522 notum
626 3460 736 3523 feeerit
759 3459 792 3523 in
817 3481 891 3523 eum
911 3462 994 3524 diem
1013 3458 1082 3521 futu·

94 3563 164 3604 ram
193 3545 432 3627 stipulationem
462 3568 499 3611 ae
523 3547 748 3612 demandasset
771 3550 950 3631 promissor
973 3545 1080 3631 quiden
