2422 3976
204 214 240 271 II.
258 214 497 271 mcuurouuu
516 215 745 271 SENTENTIAE
764 215 810 270 ΕΤ
827 216 933 271 LIBRI.
1008 217 1073 280 525

63 382 162 445 esset:
192 378 281 444 ‘filiis
305 379 384 443 meis
413 378 511 444 hosce
547 383 673 444 tutores
701 378 769 463 do',
804 401 996 464 responsum
1024 383 1074 444 est

60 469 159 533 etiam
181 466 312 532 filiabus
336 471 459 532 tutores
484 468 577 532 datos
601 489 680 533 esse.

483 643 533 709 Dc
553 644 657 725 furtis.

149 771 203 835 31.
224 767 265 833 D.
288 770 340 853 47,
363 770 393 853 2,
416 768 468 852 55,
494 770 521 833 1.
544 767 643 834 Gaius
662 769 745 834 libro
764 770 862 834 tertio
882 770 1005 834 decimo
1029 771 1069 835 ad

62 859 204 923 edictum
240 858 447 942 provinciale.
487 894 532 904 -
571 858 655 922 Eum
691 859 747 942 qui
788 859 873 943 quod
913 860 1069 923 utendum

60 946 207 1101 :53de
216 947 286 1030 ipse
305 947 359 1011 alii
387 947 648 1032 commodaverit,
670 946 748 1011 furti
772 947 910 1031 obligari
933 968 1067 1031 respon·

141 1142 203 1206 32.
226 1139 265 1206 D.
280 1141 333 1224 47,
347 1142 378 1225 2,
396 1141 448 1224 48,
469 1143 497 1206 l.
520 1140 680 1223 Ulpianus
699 1142 782 1205 libro
802 1142 1071 1227 quadragensimo

62 1230 204 1295 secundo
223 1229 264 1294 ad
287 1229 451 1294 Sabinum.
478 1267 515 1276 —
541 1228 623 1295 Cum
643 1230 694 1293 fur
712 1252 779 1294 rem
798 1230 950 1296 furtivam
964 1231 1074 1296 vendi·

61 1319 164 1384 disset
202 1318 295 1404 eique
333 1341 482 1383 nummos
521 1319 616 1402 pretii
651 1318 799 1383 dominus
834 1319 881 1382 rei
912 1342 970 1404 por
1006 1320 1073 1384 vim

61 1408 211 1485 extorsit,
247 1406 369 1471 furtum
400 1429 472 1471 eum
504 1429 708 1472 nummorum
735 1407 849 1472 fecisse
878 1459 912 1473 ..
940 1430 1072 1494 respon·

62 1517 133 1561 sum
157 1499 217 1560 m
375 1584 425 1649 Dc
447 1584 607 1650 orborchus
629 1586 760 1650 acuis.

21 1786 24 1793 ,
151 1709 205 1773 33.
229 1706 349 1791 cac,
370 1708 420 1773 11.
478 1691 481 1695 ’

149 1819 311 1895 alp&

422 1902 472 1967 Dc
494 1903 555 1985 depe
578 1904 716 1985 Aquilio.

153 2027 206 2091 34.
228 2024 253 2090 I.
275 2027 306 2108 4,
330 2027 360 2111 3,
385 2028 435 2091 13.
462 2064 504 2074 -
532 2077 563 2092 ..
589 2049 779 2111 responsum
804 2031 866 2111 est,
895 2029 922 2091 si
946 2027 1016 2111 quis
1040 2027 1076 2090 in

65 2116 203 2181 alianum
228 2114 337 2179 vinum
361 2119 419 2179 aut
442 2118 548 2180 oleum
572 2116 604 2180 id
627 2116 807 2199 immiserit,
831 2137 893 2200 quo
917 2116 1076 2179 naturalis

63 2203 195 2271 bonitas
224 2203 291 2268 vini
324 2204 375 2267 vel
406 2205 469 2269 olei
501 2208 772 2288 corrumperetur,
808 2226 845 2267 ex
882 2205 941 2267 hac
980 2208 1074 2287 parte

63 2292 146 2378 legis
170 2288 227 2378 (sc.
252 2292 401 2377 Aquiliae
425 2294 529 2377 capite
552 2291 664 2378 tertio)
688 2315 760 2356 eum
785 2293 896 2356 tenori.

152 2397 206 2463 35.
236 2397 276 2462 D.
298 2399 351 2476 41,
378 2401 404 2481 1,
432 2400 484 2464 55.
512 2400 632 2464 Paulus
660 2399 743 2463 libro
772 2398 910 2463 secundo
939 2398 1072 2481 Epistu-

62 2486 178 2553 larum.
202 2523 241 2533 -
343 2488 503 2552 actionem
527 2489 605 2553 mihi
629 2488 802 2552 infactum
825 2487 894 2551 dari
914 2492 1071 2570 oportere,

62 2575 163 2641 veluti
195 2596 385 2658 responsum
418 2582 476 2661 est,
508 2599 580 2641 cum
605 2576 735 2662 quidam
763 2576 912 2657 poculum
936 2575 1070 2640 alterius

62 2684 104 2730 cx
124 2685 210 2728 nave
234 2663 386 2730 eiecisset.

438 2805 487 2870 De
509 2807 701 2872 condictione.

154 2928 206 2995 36.
230 2927 270 2994 D.
288 2931 341 3007 44,
362 2932 390 3012 l,
410 2932 461 3013 34,
480 2931 509 2995 2.
533 2930 623 2994 Idem
643 2929 699 3015 (sc.
717 2926 849 3014 Paulus)
865 2929 949 2994 libro
970 2931 1076 3013 singu·
1121 2990 1126 3000 ,

61 3016 127 3082 lari
156 3016 195 3081 de
232 3019 495 3083 concurrentibus
527 3020 715 3084 actionibus.
754 3055 792 3065 —
832 3069 865 3083 ..
894 3019 932 3081 de
960 3018 1076 3082 colono

61 3126 259 3191 responsum
283 3111 342 3190 est,
366 3108 394 3172 si
417 3108 539 3191 aliquid
564 3130 601 3171 ex
624 3107 723 3171 fundo
748 3107 950 3185 subtraxerit,
972 3106 1076 3170 teneri

61 3216 138 3260 eum
163 3194 364 3260 condictione
387 3200 420 3260 et
443 3196 530 3279 furti,
554 3196 630 3281 quin
655 3197 752 3259 etiam
776 3218 815 3259 ex
837 3197 952 3260 locato.

154 3302 208 3366 37.
235 3300 273 3364 D.
299 3303 350 3385 12,
373 3302 401 3383 5,
421 3303 498 3386 9pr.
521 3301 611 3366 Idem
631 3301 688 3387 (sc.
706 3299 840 3386 Paulus)
860 3301 942 3365 libro
963 3300 1075 3384 quinto

61 3390 104 3456 ad
119 3387 297 3454 Plautium.
309 3427 347 3436 —
360 3388 394 3454 Si
408 3391 601 3454 vestimenta
615 3391 735 3454 utenda
748 3391 808 3454 tibi
823 3389 1076 3469 commodavero,

60 3478 179 3544 deinde
216 3479 367 3561 pretium,
397 3483 434 3543 ut
464 3480 648 3563 reciperem,
675 3479 843 3562 dedissem,
876 3477 1075 3542 condictione

61 3570 227 3633 mareote
251 3569 397 3632 acturum
420 3589 608 3650 responsum
632 3571 689 3634 est.
