2422 3976
495 166 521 218 4.
540 160 719 218 PLAUTIUS
1048 162 1113 227 235

118 322 185 390 hora
219 325 354 391 cottidie
387 324 575 389 servitutem
607 324 728 390 habeat
760 322 817 411 (sc.
845 323 946 410 quis),
983 323 1111 391 Servius

118 413 214 479 scribit
238 413 371 499 perdere
400 435 472 478 eum
500 435 564 478 non
592 413 711 480 utendo
740 414 944 498 servitutem,
976 415 1052 500 quia
1078 416 1111 480 id

119 502 189 586 quod
208 503 310 568 habet
332 502 545 568 cottidianum
569 502 618 567 sit.

189 590 239 658 50.
267 590 308 656 D.
327 592 357 674 8,
376 591 406 675 3,
425 589 476 656 35.
521 590 641 655 Paulus
670 592 754 657 libro
783 592 896 676 quinto
922 591 1046 658 decimo
1071 593 1112 658 sd

118 675 264 746 Plautium
295 676 347 767 (Ρ.
366 680 477 765 1212).
500 716 543 726 -
565 687 644 745 ..et
666 679 839 745 Atilicinus
873 682 918 745 ait
941 679 1112 747 Gaesarem

61 820 64 859 3
118 763 229 834 Statilio
250 768 359 834 Tauro
382 768 586 853 rescripsisse
609 769 644 833 in
666 769 746 834 haec
768 769 881 834 verba:
906 768 970 852 ³Hi,
994 771 1049 853 qni
1073 793 1112 835 ex

61 866 63 883 ²
119 853 198 923 fondo
222 856 355 924 Sutrino
378 878 497 941 aquam
520 857 634 923 ducere
658 858 748 923 soliti
772 863 862 941 sunt,
888 858 1037 923 adierunt
1060 880 1111 924 me

118 950 398 1030 proposueruntque
432 968 563 1030 aquam,
596 969 661 1030 qua
692 969 749 1031 per
778 947 901 1031 aliquot
929 969 1032 1013 annos
1060 948 1112 1012 usi

117 1043 176 1099 sunt
201 1057 239 1100 ex
266 1034 370 1118 fonte,
399 1037 453 1118 qui
480 1037 585 1098 estin
609 1035 709 1100 fundo
733 1033 880 1119 Sutrino,
909 1036 1022 1100 ducere
1046 1058 1111 1101 non

118 1125 242 1203 potuisse
270 1123 363 1208 (se),
391 1123 476 1207 quod
498 1124 573 1188 fons
597 1125 790 1207 exaruisset,
817 1129 849 1188 et
871 1129 987 1208 postea
1010 1146 1048 1189 ex
1072 1147 1110 1190 eo

118 1207 189 1278 fonte
214 1234 333 1298 aquam
361 1212 459 1277 fluere
487 1213 647 1296 coepisse,
677 1214 903 1297 petieruntque
932 1236 951 1277 a
979 1235 1045 1298 me,
1074 1218 1112 1278 ut

117 1302 184 1381 qood
214 1303 265 1366 ius
297 1323 364 1367 non
396 1301 604 1386 neglegentia
632 1308 689 1366 aut
716 1302 811 1384 culpa
839 1324 897 1366 sua
925 1302 1111 1387 amiserant,

116 1389 159 1452 sed
170 1391 243 1475 quia
257 1389 371 1455 ducere
385 1409 451 1465 non
464 1394 625 1474 poterant,
640 1391 691 1455 his
704 1391 941 1456 restitueretur.
974 1413 1110 1474 quorum

118 1477 179 1543 nihi
195 1478 375 1565 postulatio
395 1499 468 1543 cum
486 1501 552 1543 non
570 1479 681 1563 iniqua
699 1479 771 1544 visa
789 1480 840 1562 sit,
862 1480 1110 1544 succurrendum

117 1559 154 1630 his
180 1568 300 1653 putavi.
355 1567 464 1650 itaque
497 1568 581 1650 quod
612 1569 663 1632 ius
696 1568 879 1632 habuerunt
911 1572 1003 1652 tunc,
1037 1590 1110 1633 cum

118 1653 236 1732 primum
264 1678 303 1720 ea
330 1677 414 1740 aqua
436 1657 603 1739 pervenire
628 1657 666 1720 ad
691 1679 746 1721 eos
769 1679 834 1722 non
856 1657 979 1740 potuit,
1007 1657 1109 1722 ideis

117 1745 226 1810 restitui
247 1743 376 1830 placet?

184 1834 236 1901 51.
263 1833 303 1898 D.
322 1834 374 1914 39,
392 1834 422 1917 3,
443 1834 493 1914 17,
512 1835 540 1898 2.
587 1832 707 1898 Paulus
736 1833 819 1899 libro
844 1834 957 1918 quinto
982 1835 1107 1901 decimo

115 1918 328 1988 thlautium
356 1920 404 2005 (P.
427 1921 535 2007 1215).
567 1957 605 1968 -
634 1920 699 1988 Via
730 1921 860 2007 publica
887 1923 1107 1989 intercedente

117 2000 232 2077 haustus
256 2010 446 2076 servitutem
468 2011 625 2076 constitui
647 2033 742 2095 posse
766 2011 898 2095 placuit.

381 2230 410 2287 2.
442 2228 496 2287 Ad
518 2227 574 2287 ius
598 2229 828 2304 praetorium.

369 2353 415 2413 Dc
432 2355 530 2427 pactis
552 2357 578 2411 et
601 2354 838 2411 conventionibus.

61 2480 63 2489 ·
184 2453 249 2520 52?
274 2453 312 2518 D.
326 2454 356 2536 2,
374 2456 423 2532 14,
437 2455 488 2520 32.
526 2453 646 2518 Paulus
664 2453 748 2517 libro
766 2454 863 2517 tertio
882 2451 923 2515 ad
941 2453 1105 2516 Plautium

112 2533 151 2618 (P.
167 2539 274 2630 1092).
296 2579 334 2590 -
357 2542 449 2619 Quod
468 2544 589 2608 dictum
608 2545 669 2627 est,
691 2542 811 2607 sicum
830 2563 885 2605 reo
904 2545 1037 2624 pactum
1056 2542 1108 2626 sit,

112 2632 141 2692 ut
168 2653 231 2698 non
271 2636 416 2715 petatur,
453 2631 633 2696 fideiussori
671 2651 796 2714 quoque
834 2634 1016 2713 competere
1053 2651 1107 2694 ex-

108 2720 290 2804 ceptionem,
317 2726 450 2804 propter
472 2721 520 2784 rei
542 2741 715 2803 personam
738 2720 874 2803 placuit,
897 2740 938 2782 ne
962 2719 1108 2784 mandati

108 2802 215 2874 iudicio
233 2809 455 2874 conveniatur.

449 2920 495 2980 Dc
511 2920 761 2994 procnrnlorc'tns.

185 3021 238 3087 53.
262 3020 300 3086 D.
316 3019 346 3104 3,
361 3021 391 3099 3,
407 3021 458 3087 61.
494 3020 584 3084 Idem
608 3019 666 3105 (sc.
685 3017 819 3105 Paulus)
842 3018 925 3085 libro
944 3022 1048 3104 primo
1069 3020 1108 3084 ad

98 3104 262 3174 Plautium
289 3106 341 3195 (P.
361 3109 472 3193 1074).
500 3145 542 3191 ·.·
570 3108 718 3174 Plautius
751 3109 812 3172 ait:
849 3107 1109 3193 procuratoreml

98 3197 285 3264 demnatum
318 3219 385 3262 non
417 3198 533 3263 dobere
569 3197 747 3276 conveniri,
784 3197 848 3261 nisi
880 3203 935 3263 aut
970 3199 1004 3261 in
1039 3219 1108 3261 rem

96 3308 190 3353 suam
210 3286 306 3351 datus
330 3291 416 3351 esset
439 3291 496 3351 aut
514 3286 687 3370 optulisset
706 3308 749 3370 se,
772 3308 845 3351 cum
864 3287 960 3352 sciret
979 3288 1108 3349 cautum

93 3395 161 3442 non
183 3396 265 3459 esso,
288 3376 439 3440 omnibus
462 3375 594 3458 placuit.

165 3540 181 3588 1
201 3532 288 3588 Lean
307 3531 491 3602 ‘coynitorcm’
513 3533 596 3602 nuere
613 3532 680 3598 nult,
698 3532 745 3587 sed
761 3532 810 3587 nin
828 3532 895 3586 inre.
