2422 3976
255 193 262 205 ⁹
362 191 387 241 o.
411 183 618 240 lAVOLllNUS
637 184 785 240 PRISCUS
1012 186 1080 251 489

64 366 211 415 maroe
222 368 287 413 non
298 347 595 431 souotoenpientis.
632 350 708 431 quid
724 350 807 413 enim
825 350 956 429 intereat,
975 355 1081 415 utrum

64 436 126 503 nli
141 456 295 519 personae
316 438 392 503 dore
413 437 555 501 iubeatur
575 458 619 501 on
641 438 746 521 aluere
769 438 832 503 loeo
849 459 961 520 ponere
982 440 1028 503 rel
1045 440 1081 504 in

63 546 155 591 neore
172 525 308 591 itenere?
343 528 536 609 nequeenim
554 527 641 609 illud,
660 528 741 608 quod
755 528 799 591 uri
817 529 908 591 talem
915 548 1083 609 personam

57 618 283 699 pewmnirurn
313 620 369 694 est,
402 617 572 680 testamenti
602 617 739 698 nornine,
769 618 822 680 seit
852 618 960 681 rnortis
986 639 1082 683 caiisa

156 824 322 883 Mommeen
339 828 434 883 notat:
457 817 578 897 ‘requiri
595 826 728 884 uidentur
746 827 832 884 tuito:
855 819 1009 898 ‘Maeviuu
1033 826 1082 885 eui

64 910 181 971 fundus
212 905 332 991 legatus
364 916 423 990 eet,
455 914 481 972 si
508 910 706 991 Callimacho,
739 933 806 973 eum
833 934 892 990 quo
922 906 1083 994 (testator)

63 1001 244 1061 testamenti
274 1000 435 1061 factionem
461 1020 521 1060 non
548 1001 692 1076 habebat,
723 1003 952 1080 ...pertineatz
985 1022 1081 1079 neque

64 1088 147 1149 anim
179 1089 270 1164 illud,
302 1090 382 1165 quod
413 1090 452 1149 ad
482 1091 573 1149 talem
600 1110 759 1166 personam
785 1096 999 1168 perventurum
1027 1094 1082 1163 est,

64 1178 246 1239 testamenii
263 1178 393 1256 nomine,
411 1179 464 1239 sed
481 1180 587 1239 morlia
607 1198 699 1239 cauea
717 1180 841 1256 capitur.
882 1175 935 1257 <ai
952 1181 1081 1240 fortasse

65 1266 138 1345 quie
165 1266 288 1343 dixerit,
316 1267 373 1327 alei
397 1265 597 1328 Callimachus
626 1269 753 1328 ducenta
774 1289 812 1328 ne
835 1269 992 1344 adquirere
1015 1270 1081 1346 qui-

65 1356 139 1415 dam
159 1356 275 1433 potuit,
298 1359 399 1416 lamen
422 1357 492 1415 dare
514 1357 666 1416 Maeuium
689 1355 828 1435 debere),
851 1358 923 1417 lieet
944 1376 1083 1416 nummos

66 1462 130 1505 uon
160 1444 255 1503 faeiat
286 1445 470 1520 accipientis:
504 1446 576 1523 quid
608 1447 687 1504 enim
719 1447 847 1506 interest
866 1493 872 1506 .
888 1491 917 1507 ..
936 1446 968 1504 in
999 1465 1084 1505 mare

65 1526 205 1593 deicere?
252 1538 284 1593 ot
305 1534 396 1593 Lenel
419 1540 544 1594 extrema
566 1537 666 1594 uerba:
693 1530 801 1612 ‘neque
815 1579 824 1595 .
838 1582 845 1595 .
861 1582 867 1595 .
883 1528 1011 1612 eapitur’
1039 1538 1082 1602 ita

67 1622 205 1697 eopiioot:
229 1622 288 1681 etei
310 1641 370 1682 non
388 1623 562 1683 testamenii
580 1624 698 1683 nomino
718 1625 843 1700 eapitur,
861 1625 966 1684 mortis
980 1628 1083 1683 tamen

67 1726 161 1770 musa
180 1709 306 1785 eapitur.
348 1705 461 1770 ‘Latini
480 1713 558 1770 enim
577 1717 608 1771 ei
626 1713 776 1790 peregrini
796 1733 850 1773 nee
869 1714 974 1773 mortis
993 1731 1085 1771 eausa

66 1816 176 1947 mro
199 1802 327 1909 possunt
349 1800 385 1858 af.
410 1799 445 1859 D.
461 1802 511 1873 39,
528 1803 556 1878 6,
573 1804 600 1860 9.
637 1801 706 1862 Van.
727 1805 799 1862 259.
836 1803 880 1860 nil
902 1803 997 1880 igilur
1019 1822 1084 1860 mu-

142 1907 204 1948 um.

432 1998 482 2064 De
503 2001 572 2064 iure
594 2002 718 2065 dotium.

160 2113 212 2178 72.
239 2112 279 2180 Ι).
294 2116 347 2196 24,
368 2116 396 2198 1,
416 2115 468 2180 50.
518 2116 802 2202 Iavolenuslibro
831 2116 929 2179 tertio
958 2115 1082 2179 decimo

67 2200 303 2286 Epistularum.

159 2309 184 2359 1.
216 2299 267 2379 Si,
293 2321 362 2366 eum
389 2301 501 2365 mulier
527 2303 636 2384 oipinti
657 2322 778 2367 sero-une
800 2302 930 2378 emisset,
957 2302 992 2365 in
1016 2321 1085 2364 eoin

68 2389 251 2471 mptionen
286 2391 335 2453 vir
371 2391 504 2473 quinque
534 2393 684 2455 uenditori
714 2393 807 2473 dedit,
843 2392 972 2454 diuortio
1000 2389 1084 2469 facto

69 2477 245 2541 omnimodo
275 2481 324 2542 oir
355 2499 424 2543 eorn
454 2500 608 2544 summurn
641 2479 794 2543 retinebit
825 2499 920 2560 neque
950 2480 993 2542 eui
1018 2499 1084 2542 rein

63 2565 208 2647 pertinet,
231 2587 274 2630 on
297 2568 326 2632 is
347 2588 452 2632 enous
474 2570 602 2633 deterior
622 2568 724 2648 foetus
741 2570 797 2645 sit·
821 2589 895 2631 noni
913 2572 942 2631 et
957 2569 986 2631 si
1004 2587 1083 2630 rnor-

70 2658 144 2719 iuns
162 2659 245 2736 esset
264 2657 396 2740 quinque
413 2659 548 2721 retentio
562 2659 590 2721 ei
604 2663 783 2738 competeret.
820 2658 979 2738 qrioeritur
992 2658 1085 2738 eriinr,

69 2762 114 2807 on
140 2743 255 2808 mulier
281 2766 318 2810 eu
340 2747 402 2810 oiri
417 2748 609 2827 patrimonio
633 2746 805 2828 locupletior
827 2748 869 2810 eii
891 2766 923 2809 eo
946 2750 1085 2827 ternpore,

68 2850 129 2915 pro
148 2833 186 2897 de
203 2854 238 2896 re
256 2834 369 2900 uxoria
388 2835 548 2915 apebotur;
569 2837 655 2916 sueto
673 2841 774 2900 oritern
792 2835 985 2916 irretiuntur,
1006 2854 1086 2915 quoe

69 2940 141 2986 aere
163 2921 264 2986 alieno
286 2942 341 2986 suo
360 2924 528 2988 interuentu
545 2926 606 2988 oiri
623 2925 752 2989 liberato
769 2929 820 3003 est,
842 2924 924 3004 quod
935 2924 1087 3004 potuisset

69 3008 173 3075 adiu
194 3010 304 3095 debere,
325 3012 356 3075 si
377 3013 425 3075 eir
437 3014 604 3094 pecliniam
621 3033 684 3076 non
701 3014 867 3091 solvisset[;
890 3012 1085 3093 nequeenim

69 3099 209 3183 naret,
238 3118 276 3162 ee
302 3119 365 3180 quo
391 3120 486 3165 causo
512 3102 624 3165 rnulier
645 3103 811 3182 pecuniane
837 3100 951 3181 debuit,
977 3105 1086 3163 utrum

68 3187 218 3253 auium
245 3208 289 3251 on
315 3208 384 3252 earn
410 3210 504 3270 quoin
527 3210 563 3253 eu
585 3191 733 3270 emptione
750 3194 910 3270 proestare
932 3186 1084 3270 debente}

162 3283 188 3334 ².
213 3274 302 3354 Quod
318 3277 347 3341 si
364 3279 475 3342 mulier
492 3299 553 3342 non
572 3283 686 3342 emeret
701 3298 829 3359 serium,
847 3279 900 3342 sed
916 3282 952 3340 ut
968 3281 1086 3358 emeret,

69 3384 92 3428 o
117 3363 187 3429 uiro
207 3366 375 3446 peenniorn
401 3368 526 3450 aceepit,
559 3372 623 3430 turn
650 3367 696 3430 oei
723 3372 841 3431 mortuo
867 3366 913 3431 uel
940 3366 1087 3430 deteriore

67 3451 153 3535 {orto
170 3472 256 3518 servo
273 3454 425 3520 domuum
441 3457 484 3519 oct
500 3457 601 3520 oiruru
616 3455 787 3538 pertinebit,
805 3457 880 3536 quio
897 3456 978 3536 quod
994 3454 1086 3518 aliter

69 3545 213 3624 ernpturo
239 3562 302 3607 non
327 3543 403 3624 picit,
430 3545 494 3609 uisi
515 3546 680 3626 peeuuioni
702 3565 724 3608 a
746 3546 812 3608 oiro
835 3544 1007 3626 accepisset,
1032 3542 1087 3605 tuoe
