2422 3976
77 167 160 287 Ι682
463 216 740 275 ADDI'PAMENTA

94 386 177 469 sint,
208 386 246 448 ut
268 382 297 448 si
319 382 402 449 vivis
425 382 520 449 uobis
543 384 727 469 nascautur,
748 380 783 446 in
805 385 972 467 potestate
996 385 1110 450 nostra

93 472 185 538 fiunt.

26 576 29 581 ·
512 558 562 625 De
580 559 684 641 furtis.

160 664 162 669 ’
183 658 237 723 40.
268 655 340 723 (iai.
358 657 388 740 2,
406 655 459 723 61.
478 692 520 703 -
606 655 722 741 <cum>
740 656 915 743 inprobata
934 658 979 723 sit
998 679 1109 723 eorum

96 747 268 829 sententia,
291 745 346 830 qui
369 744 555 829 putaverint
571 745 727 810 furtiwm
749 746 885 813 fundum
906 747 980 813 fieri
1004 768 1110 831 posse.

184 835 238 900 41.
271 832 344 899 Gai.
366 834 397 913 3,
423 832 509 901 184?
533 868 576 881 —
598 832 806 899 Manifestum
829 834 953 901 furtum
977 834 1109 921 quidam

96 923 130 988 id
159 944 228 988 esse
257 921 415 1005 dixerunt,
451 922 536 1007 quod
563 921 639 987 dum
669 921 709 987 fit
740 922 999 1007 deprehenditur.
1053 925 1109 989 alii

96 1029 173 1076 vero
197 1010 343 1093 ulterius,
369 1010 456 1095 quod
478 1032 516 1076 eo
544 1010 617 1076 loco
640 1010 892 1095 deprehenditur
914 1012 971 1079 ubi
994 1012 1109 1080 fit

95 1100 229 1166 illorum
256 1099 416 1165 sententia
442 1098 498 1184 qui
520 1100 799 1184 existimaverunt,
825 1100 927 1167 donec
949 1101 1109 1187 perferret

96 1208 135 1254 eo
168 1209 232 1274 quo
263 1187 316 1253 fur
346 1187 553 1272 destinasset,
589 1150 822 1272 deprehensulu
853 1189 978 1255 furtum
1010 1190 1110 1255 mani·

95 1274 217 1343 testum
240 1296 320 1360 esse,
348 1275 421 1343 ideo
443 1298 510 1342 non
534 1275 659 1342 videtur
680 1278 821 1381 probari,
848 1277 926 1364 quia
953 1298 1108 1364 magnam

96 1362 211 1449 recipit
255 1363 507 1452 dubitationem,
545 1368 655 1430 utrum
697 1366 791 1431 unius
828 1364 892 1431 diei
928 1389 971 1432 an
1008 1368 1107 1432 etiam

96 1454 237 1538 plurium
274 1453 397 1519 dierum
432 1453 540 1539 spatio
571 1454 606 1519 id
633 1454 874 1521 terminandum
911 1456 1018 1522 sit..
1032 1478 1108 1521 .ex

96 1541 222 1609 duabus
248 1543 359 1627 itaque
386 1542 605 1627 superioribus
634 1542 840 1626 opinionibus
868 1544 1030 1610 alterutra
1054 1545 1107 1610 ad-

96 1631 261 1716 probatur,
284 1631 388 1717 magis
415 1634 527 1697 tamen
553 1631 699 1717 plerique
725 1632 938 1717 posteriorem
957 1634 1106 1719 probant

184 1720 238 1784 42.
271 1716 341 1785 Gai
364 1720 395 1801 3,
417 1720 492 1785 200.
518 1755 565 1769 -
591 1719 771 1804 ..placuit
798 1740 871 1785 eum
899 1721 956 1808 qui
979 1743 1106 1788 servum

96 1828 190 1873 suum
218 1770 532 1983 iuemsalifldrulm
554 1770 617 1873 fide
632 1808 836 1964 ρῂᾅεεὶἁοδιιὲ,
867 1810 910 1875 ad
942 1832 978 1876 se
1000 1832 1106 1876 rever·

96 1917 167 1961 sum
189 1917 326 1962 ceaven
468 1918 501 1963 m
523 1918 643 1963 comm1
691 1918 726 1962 re

184 1986 239 2052 43.
267 1984 337 2051 Gai.
352 1984 382 2071 3,
403 1984 536 2052 197.-
554 1984 729 2052 Placuit..
753 1987 884 2071 eosqui
904 1987 1003 2053 rebus
1022 2010 1105 2054 com·

97 2073 237 2141 medatis
259 2073 353 2139 aliter
371 2077 538 2141 uterentur
557 2097 654 2159 quam
672 2073 806 2141 utendas
825 2075 1039 2161 accepissent,
1061 2078 1106 2142 ite

96 2162 218 2228 furtum
241 2162 451 2247 committere,
474 2164 502 2228 si
520 2162 711 2248 intellegant
733 2163 767 2226 id
791 2185 824 2227 se
847 2163 951 2229 invito
976 2164 1103 2230 domino

95 2250 214 2334 facere,
237 2273 386 2336 eumque,
414 2252 442 2316 si
465 2251 685 2332 intellexisset,
708 2274 774 2316 non
800 2253 1051 2340 permissurum3
1071 2260 1105 2318 at

97 2340 125 2403 si
146 2340 541 2494 peppissprum3creplgpt,
565 2349 655 2405 extra
677 2340 756 2404 furti
766 2342 1041 2494 polimendlideri’
1067 2431 1085 2494 d

96 2482 237 2602 pignore·
261 2452 414 2602 subarliptd
441 2480 521 2582 furti
549 2451 1048 2604 ageri'plsliiaadiiseduldiss
1069 2454 1102 2584 ui

97 2607 244 2689 quamvis
267 2607 336 2690 ipse
361 2607 522 2683 dominus,
551 2605 584 2668 id
609 2611 658 2670 est
680 2607 749 2689 ipse
773 2606 914 2692 debitor,
944 2630 1016 2672 eam
1039 2630 1101 2672 rem

98 2695 302 2779 subripuerit,
319 2694 420 2759 nihilo
440 2696 546 2758 minus
565 2695 717 2760 creditori
734 2699 901 2777 competat
919 2696 1006 2762 actio
1020 2697 1101 2762 furti.

451 2854 501 2920 De
523 2855 582 2938 lepe
604 2855 743 2935 Aquilio.

184 2951 236 3016 46.
275 2951 343 3017 Gai.
374 2953 405 3037 3,
427 2952 501 3017 219.
541 2989 579 2998 -
614 3002 647 3016 ..
680 2951 802 3034 placuit
834 2952 882 3016 ita
910 2953 1040 3019 demum
1066 2975 1099 3017 ex

97 3039 162 3104 ista
189 3041 261 3125 lege
285 3041 341 3123 (sc.
365 3037 512 3128 Aquilia)
537 3040 696 3105 actionem
719 3062 798 3125 esse,
822 3041 849 3104 si
874 3041 948 3125 quis
974 3063 1099 3126 corpore

96 3150 154 3192 suo
179 3129 331 3193 damnum
356 3129 488 3194 dederit.

383 3288 432 3354 De
454 3289 611 3354 verborum
633 3288 820 3372 oblipatioce

185 3394 236 3458 46.
267 3394 302 3459 D
328 3395 380 3478 45,
405 3396 434 3476 3,
457 3396 510 3480 28,
533 3396 562 3460 2.
595 3393 695 3459 Gaius
727 3394 812 3459 libro
845 3396 943 3461 lertio
976 3397 1014 3462 de
1038 3417 1098 3459 uer·

95 3479 212 3545 borum
240 3447 572 3567 obligationibus—
647 3505 755 3549 .cum
782 3483 912 3568 placeat
939 3485 1096 3551 dominum

97 3589 189 3634 servo
213 3571 335 3635 darist
322 3572 453 3656 tipulari
475 3532 632 3656 possen
