2422 3976
93 176 158 239 212
178 175 226 230 IV.
239 173 456 230 VESPASIANI
469 173 544 229 ΤΙΤΙ
558 173 753 229 DOMITIANI
766 175 875 231 Tune.
890 175 991 233 IUBIS
1006 176 1112 237 CONS.

95 339 130 402 in
158 341 355 402 testamento
380 337 440 402 sub
463 337 608 422 qualibet
631 337 817 403 condicione
839 338 995 405 libertate
1019 363 1117 408 servo

94 426 172 491 data
203 425 251 490 ita
282 426 463 510 scripsisset
495 425 583 490 ‘ante
611 425 832 491 condicionem
858 427 936 492 nolo
967 451 1044 494 eum
1074 432 1117 496 ab

94 513 212 579 herede
240 515 378 578 liberum
406 514 497 595 fieri',
529 514 611 578 nihil
639 516 744 580 valere
774 516 857 580 hanc
885 514 1117 585 adiectionem.

183 603 214 667 4.
237 601 276 668 D.
286 603 338 678 40,
349 603 379 681 5,
389 603 442 668 20.
486 603 683 687 Pomponius
706 603 790 668 libro
814 604 954 688 septimo
978 606 1121 692 Epistu-

94 691 201 756 larum
230 692 278 776 (Ρ.
294 687 381 778 190).
406 729 448 737 -
477 692 573 776 Apud
600 691 761 756 Iulianum
787 693 835 757 ita
863 693 1022 778 scriptum
1051 701 1120 762 est:

97 781 138 844 ‘si
164 780 257 844 heres
280 787 415 864 rogatus
439 801 566 845 servum
591 782 816 845 manumittere
840 803 879 846 ex
901 781 1119 852 Trebelliano

96 873 228 934 senatus
257 868 403 933 consulto
429 868 642 933 hereditatem
664 871 854 950 restituerit,
882 871 958 956 cogi
982 873 1125 939 debebit

96 957 333 1043 manumittere,
356 961 397 1042 et,
420 958 448 1021 si
471 957 615 1021 latitabit
637 959 688 1023 vel
711 959 739 1021 si
761 959 849 1022 iusta
872 981 1036 1027 excausa
1060 963 1120 1028 ab·

96 1047 168 1131 erit,
190 1050 321 1130 praetor
342 1067 440 1110 causa
463 1046 592 1130 cognita
615 1046 790 1111 secundum
809 1052 941 1112 senatus
962 1053 1123 1117 consulta

96 1135 137 1200 ad
158 1156 213 1199 eas
231 1156 343 1198 causas
362 1135 560 1219 pertinentia
577 1135 788 1218 pronuntiare
807 1136 948 1203 debebIt.
987 1141 1014 1202 si
1038 1161 1116 1205 vero

96 1245 226 1288 servum
258 1223 442 1306 usuceperit
472 1223 515 1306 is,
546 1224 597 1287 cui
629 1223 792 1287 hereditas
824 1226 978 1291 restituta
1006 1228 1121 1312 fuerit,

82 1314 202 1397 'ipsum
233 1313 412 1394 [competit]
439 1312 666 1376 manumittere
690 1316 722 1375 et
744 1313 856 1377 eadem
879 1315 913 1376 in
936 1336 1119 1398 personam

97 1402 165 1466 eius
185 1401 349 1466 observari
367 1401 544 1485 conveniet,
568 1421 648 1483 quae
668 1401 754 1465 circa
772 1407 936 1485 emptores
956 1405 1118 1472 custodiri

97 1488 224 1554 solent'.
266 1511 307 1553 an
329 1488 410 1553 haee
432 1511 509 1554 vera
526 1489 642 1572 putes?
742 1489 855 1554 Aristo
874 1495 908 1554 et
927 1490 1113 1558 Octauenus

97 1578 257 1663 putabant
292 1577 377 1641 hunc
414 1599 556 1660 servum,
593 1579 632 1642 de
669 1599 733 1661 quo
765 1582 989 1665 quaereretur,
1024 1581 1112 1647 fidei-

98 1666 289 1731 commissae
313 1664 503 1731 hereditatis
526 1688 591 1730 non
613 1688 693 1752 esse,
715 1667 791 1751 qnia
809 1669 949 1732 testator
966 1671 1109 1755 rogando

97 1754 258 1835 heredem,
280 1760 317 1818 nt
340 1775 412 1818 eum
436 1757 688 1838 manumitteret,
713 1777 778 1820 non
801 1755 933 1820 videtur
951 1757 991 1822 de
1010 1781 1047 1824 eo
1064 1780 1110 1823 re-

99 1844 262 1907 stituendo
277 1842 426 1908 sensisse.

429 1973 476 2031 Dc
497 1974 784 2033 manumissionibus.

187 2074 216 2139 5.
239 2072 279 2137 D.
289 2074 342 2155 40,
354 2074 381 2154 1,
393 2074 443 2139 13.
480 2073 678 2157 Pomponius
697 2073 782 2138 libro
801 2075 907 2156 primo
928 2098 967 2141 ex
985 2077 1102 2143 Plautio

99 2159 247 2248 (ΡΜ).
266 2198 307 2208 -
328 2161 444 2227 Servus
467 2161 582 2226 furiosi
606 2162 647 2226 ab
669 2162 815 2246 adgnato
834 2169 983 2230 curatore
1002 2183 1101 2231 manu·
1144 2206 1147 2211 -

99 2251 185 2315 mitti
213 2274 276 2315 non
306 2254 429 2335 potest,
457 2251 533 2334 quia
560 2250 593 2314 in
622 2251 900 2316 administratione
924 2251 1100 2338 patrimonii

100 2339 310 2405 manumissio
333 2361 398 2404 non
422 2344 479 2403 est.
521 2339 549 2402 si
571 2344 681 2403 autern
699 2361 737 2402 ex
755 2339 998 2407 fideicommissi
1016 2361 1098 2408 causa

99 2429 229 2493 deberet
269 2427 452 2492 libertatem
493 2427 648 2511 furiosus,
690 2427 903 2494 dubitationis
946 2431 1096 2497 tollendae

100 2540 194 2583 causa
227 2517 268 2581 ab
301 2516 442 2601 adgnato
474 2516 737 2597 mancipandum¹
765 2538 907 2601 servum,
941 2528 978 2585 ut
1005 2521 1043 2585 ab
1068 2535 1096 2581 ec

101 2608 151 2671 eui
175 2603 393 2686 mancipatus²
416 2608 502 2668 esset
525 2607 784 2686 manumittatur,
808 2604 992 2674 Octauenus
1014 2610 1063 2674 ait.

190 2695 218 2758 6.
233 2692 417 2758 Fr.D0sith.
426 2695 474 2757 12.
493 2692 737 2778 -Peregrinus
752 2697 971 2762 manumissor
985 2711 1095 2762 servum

99 2804 166 2847 non
193 2784 301 2865 potest
329 2783 368 2845 ad
391 2782 602 2846 Latinitatem
625 2782 811 2866 perducere,
840 2783 917 2866 quia
940 2788 990 2851 lex
1011 2784 1094 2855 Iunia

102 2892 184 2955 quae
219 2869 409 2935 Latinorum
442 2891 542 2954 genus
574 2871 768 2956 introduxit,
800 2894 866 2937 non
898 2877 1040 2957 pertinet
1066 2864 1095 2933 ad

100 2959 286 3043 peregrinos
315 2960 579 3040 manumissores,
609 2961 691 3023 sieut
719 2964 752 3024 et
776 2959 960 3027 Octauenus
987 2960 1094 3048 probat.

420 3135 469 3200 De
490 3137 589 3216 operis
611 3137 795 3201 libertorum.

193 3244 220 3308 7.
253 3241 291 3306 Ι).
305 3242 359 3325 40,
373 3241 403 3323 9,
418 3242 469 3323 32,
485 3241 514 3304 2.
559 3241 648 3306 Idem
678 3244 734 3328 (sc.
754 3243 926 3310 Terentius
952 3233 1095 3323 Clemens)

101 3334 185 3398 libro
216 3336 329 3396 octavo
358 3330 398 3394 ad
426 3332 529 3415 legem
558 3329 674 3394 Iuliam
704 3336 737 3395 et
759 3332 894 3416 Papiam
919 3335 967 3420 (P.
982 3332 1046 3421 21).
1066 3362 1094 3377 ⁶

175 3478 189 3526 1
210 3470 286 3524 Ilrib.
305 3468 480 3526 tradendum.

174 3548 190 3596 2
213 3541 288 3596 Trib.
307 3540 435 3596 traditus.
