2422 3976
93 128 159 192 328
196 128 229 181 V.
247 126 398 181 NERVAE
416 125 464 180 ET
481 124 636 180 TRAIANI
651 123 760 180 Tele.
778 125 878 181 IURIS
896 124 1066 184 constan

93 293 166 357 loco
203 312 267 375 quo
299 289 379 354 iacti
409 288 596 375 ignorantia
625 288 740 354 baberi
770 289 919 374 debebit,
952 312 1023 356 eum
1046 289 1095 353 ius

93 379 223 444 finitum
255 383 288 442 et
319 379 426 464 possit
456 400 526 443 ease
554 382 588 442 et
613 378 745 462 debeat,
774 377 855 444 iacti
881 376 1093 464 interpretatio

98 468 289 553 plerumque
312 468 409 532 etiam
433 467 701 552 prudentissimos
723 467 828 534 fallat

508 666 619 726 Liber
640 667 693 728 VI.

388 767 437 833 De
459 769 609 851 emptione
630 769 810 834 maritione

184 876 236 942 48.
263 873 303 940 D.
322 875 375 958 21,
393 875 424 955 2,
442 875 496 940 48.
542 873 696 940 Neratius
722 876 807 941 libro
833 880 927 942 sexto
949 873 1084 941 Membra·

97 987 221 1030 narum.
242 1000 286 1011 -
310 962 392 1030 Oum
415 962 534 1028 fundus
557 962 618 1028 ‘uti
641 965 782 1049 optimus
802 966 1022 1050 maximusque
1036 952 1084 1057 est'

97 1059 225 1138 emptus
253 1057 304 1118 est
332 1056 365 1117 et
392 1052 527 1117 alieuius
555 1052 720 1117 servitutis
748 1053 871 1120 evictae
898 1055 1024 1120 nomine
1041 1047 1083 1114 ab·

99 1142 176 1227 quid
200 1145 326 1227 emptor
350 1164 369 1206 a
392 1141 559 1206 venditore
582 1146 773 1207 consecutus
796 1146 856 1227 est,
881 1143 994 1208 deinde
1014 1140 1082 1206 utus

98 1230 218 1296 fundus
236 1231 405 1314 evincitur,
423 1230 465 1295 ob
485 1252 557 1294 eam
576 1231 767 1296 evictionem
783 1231 817 1295 id
835 1231 998 1315 praestari
1011 1223 1085 1322 debet

98 1320 184 1405 qued
207 1342 246 1384 ex
269 1319 368 1404 duple
391 1319 551 1402 reliquum
576 1323 640 1402 est3
663 1341 740 1384 nam
764 1321 793 1384 si
816 1321 906 1385 aliud
926 1315 1083 1386 observabl·

99 1431 185 1493 mus,
209 1409 419 1473 servitutibus
443 1407 605 1492 aliquibus
628 1412 662 1472 et
683 1430 759 1473 mox
780 1409 983 1494 proprietate
1003 1406 1085 1473 evius

101 1497 240 1581 amplius
255 1496 352 1580 duplo
366 1500 492 1579 emptor
502 1497 627 1580 [quam]
639 1499 754 1580 quanti
763 1497 843 1562 emit
853 1497 1086 1584 consequeretur·

460 1655 511 1721 De
532 1658 601 1721 iure
622 1658 748 1722 dotium.

189 1759 243 1825 49.
265 1757 305 1824 D.
324 1760 376 1838 25,
397 1763 425 1838 1,
445 1761 497 1826 16.
536 1760 627 1827 Idem
651 1759 709 1846 (sc.
727 1759 896 1850 Neratius)
916 1763 1001 1830 libro
1018 1761 1089 1827 serto

102 1847 374 1914 Membruuarum.
388 1885 431 1897 —
445 1848 491 1913 Et
505 1855 581 1914 ante
595 1853 706 1915 omnia
719 1873 940 1936 quaecumque
948 1853 1092 1938 impensae

103 1936 359 2022 quaerendorum
377 1937 541 2003 fructuum
561 1960 659 2004 causa
676 1939 781 2005 factae
794 1946 897 2023 erunt,
916 1955 1093 2026 quamquam
1130 1974 1133 2003 t

102 2026 233 2092 eaedem
260 2026 358 2090 etiam
386 2027 512 2092 colendi
535 2048 634 2092 eausa
655 2028 738 2093 fiunt
759 2028 896 2114 ideoque
918 2052 986 2096 non
1008 2028 1094 2094 solum
1131 2030 1133 2043 '

104 2115 144 2180 ad
173 2114 397 2200 percipiendos
424 2114 562 2197 fruetus,
589 2117 645 2181 sed
673 2117 836 2183 etiamad
859 2117 1095 2184 conservandam

101 2207 208 2289 ipsam
235 2225 303 2269 rem
332 2204 534 2288 speciemque
563 2206 631 2269 eius
655 2207 855 2271 necessariae
879 2208 959 2291 sint,
987 2228 1039 2272 eas
1059 2203 1095 2268 vir

101 2317 140 2358 ex
168 2315 226 2358 suo
252 2293 332 2356 facit
353 2314 412 2357 nec
435 2293 535 2357 ullam
559 2293 659 2358 habet
682 2316 720 2360 eo
744 2296 875 2360 nomine
898 2317 939 2360 ex
963 2297 1036 2360 dote
1057 2291 1096 2356 de

101 2382 294 2446 ductionem.

518 2469 567 2536 De
589 2473 698 2538 tutelis.

191 2578 243 2641 50.
270 2576 309 2640 D.
331 2577 382 2660 12,
401 2577 430 2660 6,
449 2579 501 2641 41.
547 2576 699 2643 Neratius
726 2579 809 2644 libro
838 2584 930 2646 sexto
955 2579 1098 2646 Membra·

103 2687 227 2729 narum.
250 2703 287 2711 -
309 2665 402 2742 Quod
420 2666 563 2749 pupillus
583 2667 652 2731 sine
671 2669 790 2732 tutoris
806 2669 1000 2734 auctoritate
1013 2667 1097 2750 stipu-

103 2753 393 2905 liarptitpromiserit
412 2754 554 2840 solverit,
576 2757 728 2840 repetitio
747 2760 805 2839 est,
825 2758 901 2841 quia
919 2780 979 2823 nec
997 2759 1098 2822 natura

126 2863 142 2905 e
167 2863 207 2905 e.

400 2930 450 2997 De
471 2932 646 2998 medietas
664 2934 815 3014 petitione.

193 3036 244 3102 51.
272 3036 311 3102 D.
331 3038 383 3121 37,
405 3040 455 3122 10,
474 3039 504 3104 9.
549 3037 702 3104 Neratius
731 3041 814 3105 libro
839 3046 930 3107 sexte
954 3041 1098 3107 Membra-

103 3149 228 3191 narum.
259 3162 297 3172 -
327 3125 418 3202 Quod
446 3126 555 3191 Labeo
590 3129 716 3214 scribit,
749 3130 898 3214 quotiens
927 3129 1099 3216 suppositus

105 3238 175 3281 esse
204 3216 321 3280 dicitur
342 3216 499 3300 pupillus,
527 3239 597 3282 cum
623 3239 685 3302 quc
709 3218 747 3282 de
771 3219 873 3301 patris
899 3221 968 3284 eius
991 3214 1098 3284 heredi·

105 3310 172 3370 tate
196 3306 415 3370 controversia
439 3311 501 3386 est,
529 3328 639 3370 curare
663 3310 845 3391 praetorem
869 3307 1001 3388 debere,
1027 3310 1059 3370 ut
1076 3302 1098 3364 is

106 3393 140 3456 iu
163 3394 368 3478 possessione
393 3392 447 3475 sit,
471 3394 509 3458 de
529 3417 566 3459 eo
586 3400 664 3478 puto
685 3418 756 3460 eum
776 3396 861 3461 velle
880 3397 1036 3484 intellegi,
1056 3388 1099 3477 qui

104 3487 180 3566 post
204 3486 341 3548 mortem
363 3484 466 3567 patris
490 3482 640 3570 familiae,
662 3486 716 3569 qui
741 3506 775 3550 se
800 3487 870 3551 sine
894 3486 1005 3553 liberis
1026 3484 1098 3549 dece
