2422 3976
440 163 466 214 8.
484 157 637 214 URSFIUS
655 155 777 214 FEROX
1050 159 1112 222 III

428 363 476 421 De
497 363 657 437 repetendis
680 363 788 436 tepetis.

190 464 231 530 9?
254 457 293 528 D.
309 464 361 545 32,
376 463 427 529 63.
467 463 558 527 Idem
582 460 639 548 (sc.
657 459 818 549 Iulianus)
840 462 924 527 libro
946 463 1052 546 primo
1072 462 1113 528 sd

116 550 251 619 Urseium
280 551 432 618 Ferocem
460 549 510 637 (P.
530 551 620 636 889).
650 587 688 598 -
717 549 758 615 In
785 550 968 635 repetendis
995 552 1112 638 legetis

114 639 180 706 hece
200 641 301 708 verba
324 663 407 726 quse
430 640 513 705 edici
536 640 643 705 solent
666 639 755 704 ‘item
780 640 856 704 dare
876 640 1009 705 damnas
1029 639 1112 706 esto'

113 735 139 794 et
166 731 204 795 ed
237 729 442 796 condiciones
471 731 504 793 et
532 729 571 793 ad
599 729 667 793 dies
683 728 878 812 togatorum
906 728 1035 793 eosdem
1062 751 1111 793 re·

112 818 256 901 petendas
279 818 393 883 referri
417 815 555 882 Sabinus
579 817 752 902 respondit.

435 994 486 1060 De
508 995 644 1060 tecente
664 995 779 1060 relicto.

191 1102 242 1167 10.
269 1099 308 1166 Ι).
323 1101 376 1184 40,
390 1102 420 1184 4,
437 1101 533 1186 18pr.
577 1099 667 1164 Idem
691 1099 749 1186 (sc.
772 1097 930 1186 Iulianus)
953 1099 1036 1163 libro
1061 1121 1111 1164 se·

108 1190 204 1255 cundo
237 1190 278 1255 ed
309 1189 462 1256 Urseium
493 1189 644 1254 Ferocem
677 1188 727 1274 (P.
746 1185 836 1275 901).
867 1224 904 1235 -
935 1187 998 1264 Qui
1030 1188 1111 1254 duos

106 1277 234 1345 heredes
257 1278 460 1362 instituebat,
482 1281 559 1363 post
578 1278 710 1342 alterius
729 1281 867 1341 mortem
887 1298 1012 1342 servum
1032 1277 1111 1343 libe·

105 1389 171 1434 rum
190 1388 263 1432 esse·
278 1367 428 1433 iusserat
458 1367 487 1430 is
506 1389 544 1431 ex
563 1367 653 1431 cuius
673 1372 776 1431 morte
794 1365 927 1430 libertos
941 1365 1111 1450 pendebat,

104 1457 172 1522 vivo
201 1458 359 1520 testatore
387 1456 575 1521 decesserat.
621 1454 760 1520 Sabinus
783 1453 951 1538 respondit
972 1454 1111 1519 liberum

104 1545 298 1700 resumpta
313 1633 365 1717 28,
377 1632 408 1717 5,
423 1634 500 1716 8pr.
523 1632 612 1697 Idem
627 1631 686 1718 (se.
696 1628 857 1718 Iulianus)
872 1631 955 1696 libro
970 1633 1109 1697 secundo

102 1723 139 1787 ed
157 1721 311 1791 Urseium
330 1720 483 1787 Ferocem
506 1719 556 1808 (P.
571 1720 662 1807 900).
685 1758 727 1768 -
751 1719 823 1785 Duo
847 1722 925 1785 socii
949 1721 1108 1805 quendum

101 1833 229 1877 servum
253 1832 452 1875 communem
477 1813 674 1874 testamento
698 1810 785 1874 fecto
809 1809 961 1874 heredem
979 1814 1011 1874 et
1030 1810 1109 1874 libe-

98 1922 170 1973 rum
200 1920 271 1964 esse
298 1899 468 1964 iusserant
518 1899 611 1964 ruina
644 1898 740 1963 simul
769 1899 915 1983 oppressi
938 1899 1108 1983 perierunt.

98 1989 243 2072 plerique
267 1987 502 2072 responderunt
524 1988 587 2052 hoe
610 2009 687 2053 casu
711 1988 836 2051 duobus
858 1987 1003 2051 orcinum
1022 1987 1110 2051 here·

99 2078 171 2142 dem
195 2077 343 2141 existere.

188 2169 271 2241 Quae
286 2173 464 2247 sequuntur:
480 2164 523 2229 ‘et
535 2169 567 2228 id
577 2173 623 2229 est
632 2163 752 2243 verius’,
762 2168 875 2228 Iuliani
882 2169 1019 2228 habenda
1029 2172 1109 2230 sunt.

190 2273 242 2337 12.
265 2270 347 2335 Ibid.
365 2273 384 2352 ξ
400 2273 428 2336 1.
453 2307 494 2318 -
518 2268 579 2335 Sed
603 2275 635 2335 et
659 2271 687 2334 si
711 2271 770 2335 sub
794 2270 904 2334 eudem
923 2269 1109 2334 condicione

98 2382 227 2426 servum
246 2382 449 2425 communem
468 2364 600 2443 uterque
620 2360 725 2424 socius
745 2359 882 2423 liberum
896 2358 1109 2440 heredemque

97 2472 169 2516 esse
192 2449 341 2513 iussisset
364 2470 464 2534 eaque
489 2448 678 2532 exstitisset,
701 2448 785 2511 idem
808 2446 887 2511 iuris
911 2443 998 2511 essel.

378 2632 426 2690 De
446 2632 575 2691 riede'cto
596 2632 831 2690 manumissione.

189 2732 240 2798 13.
265 2731 304 2796 D.
318 2733 370 2818 40,
385 2732 415 2816 9,
432 2733 460 2816 I,
476 2733 504 2796 1.
548 2730 693 2797 Iulianus
716 2731 799 2797 libro
824 2729 963 2795 secundo
987 2729 1026 2794 ad
1050 2727 1111 2794 Ur·

97 2822 202 2887 seium
225 2820 379 2887 Ferocem
402 2817 451 2906 (P.
471 2817 561 2907 903).
586 2857 625 2866 -
651 2819 759 2885 Minor
781 2820 873 2884 annis
896 2819 1014 2902 viginti
1037 2842 1110 2885 cum

97 2933 228 2977 servum
267 2911 494 2974 manumittere
530 2910 627 2974 vellet
663 2930 723 2973 nee
753 2909 873 2972 iustam
905 2930 1036 2974 causam
1069 2906 1109 2973 sd

96 2999 271 3066 consilium
300 2998 548 3063 manumittendi
574 2998 723 3078 haberet,
750 2997 812 3061 tibi
840 3019 911 3062 eum
939 3002 975 3061 ut
998 3019 1108 3062 manu·

95 3088 243 3154 mitteres
276 3086 373 3152 dedit.
423 3088 554 3172 negavit
582 3108 655 3150 eum
682 3087 836 3151 Proculus
864 3087 1000 3151 liberum
1030 3106 1109 3167 esse,

97 3178 251 3263 quonism
274 3175 364 3241 fraus
387 3175 453 3261 legi
476 3175 563 3240 facte
585 3178 678 3239 esset.

101 3332 104 3337 -
187 3289 225 3348 cf.
245 3286 311 3347 Gai.
327 3291 356 3364 1,
371 3288 420 3346 38.

185 3377 273 3437 Idem
297 3375 434 3435 Iulianus
457 3375 494 3435 D.
513 3377 565 3453 40,
585 3376 613 3451 2,
635 3377 652 3433 6
682 3374 717 3434 de
746 3393 832 3435 servo
860 3373 1008 3433 communi
1036 3372 1110 3449 egIt,

171 3533 186 3582 1
208 3527 365 3584 Treueris

150 3627 249 3676 Iurispr.
266 3626 386 3669 antehadr.
402 3625 452 3668 rell.
467 3626 501 3667 ed.
516 3626 615 3667 Bremer.
639 3625 670 3677 ΙΙ,
681 3627 700 3667 t.
916 3617 948 3665 12
