2422 3976
171 891 200 949 A
228 890 334 967 quinto
363 891 433 967 post
463 889 571 951 urbem
595 890 749 952 conditam
778 893 897 952 saeculo
924 893 1098 973 prudentes,

81 980 135 1058 qni
152 979 302 1056 imperitis
316 978 354 1039 de
372 979 438 1039 inre
455 979 679 1041 consulentibus
696 998 843 1057 responsa
860 981 932 1041 dare
950 983 1097 1062 solebant,

81 1068 176 1128 iidem
189 1086 240 1128 eos
254 1068 348 1128 libros
366 1068 473 1145 quibus
492 1071 547 1128 aut
564 1069 653 1130 civile
667 1072 721 1129 aut
734 1069 930 1130 honorarium
942 1070 990 1131 ins
1003 1073 1096 1132 inter·

81 1159 285 1235 proterantur,
307 1175 483 1234 componere
505 1162 676 1234 coeperunt,
694 1176 750 1218 nec
768 1158 928 1218 defuerunt
946 1159 998 1236 qui
1015 1161 1096 1236 prio·

81 1265 151 1306 rum
170 1246 363 1323 prudentium
378 1246 505 1306 consilia
522 1247 700 1324 colligerent
718 1248 902 1323 collectaque
917 1246 1098 1325 digererent.

80 1353 118 1395 ex
136 1334 260 1394 Traiani
282 1337 385 1394 autem
407 1337 509 1395 aetate
531 1337 564 1396 et
585 1336 624 1395 ad
642 1335 820 1412 principalia
841 1339 979 1396 veterum
998 1354 1096 1412 opere,

79 1423 229 1500 imprimis
252 1422 286 1494 Q.
309 1423 402 1484 Mucii
429 1426 462 1484 et
483 1423 610 1484 Masurii
633 1423 737 1484 Sabini
763 1424 838 1484 iuris
865 1424 964 1486 civilis
992 1426 1097 1505 libros,

81 1512 287 1572 commentarii
314 1514 582 1592 componebantur,
607 1516 640 1573 et
662 1513 715 1574 alii
737 1515 871 1590 priorum
894 1514 978 1592 libri,
1001 1515 1097 1575 veluti

79 1600 231 1662 Labeonis
249 1602 440 1678 posteriores,
453 1602 485 1660 in
500 1601 646 1678 epitomas
664 1603 888 1681 redigebantur,
906 1621 966 1679 quo
982 1602 1098 1663 factum

80 1693 140 1769 est,
170 1693 207 1750 ut
233 1688 306 1750 libri
331 1689 378 1749 illi
406 1691 600 1752 commentati
629 1692 676 1752 vel
708 1691 866 1769 epitomati
893 1691 926 1751 in
949 1710 1008 1752 usu
1030 1710 1096 1752 esse

80 1780 142 1838 iere
166 1779 347 1839 desinerent.
384 1778 512 1858 denique
533 1779 699 1857 imperator
716 1781 903 1840 Iustinianus
926 1798 995 1840 cum
1018 1799 1097 1842 nova

82 1867 208 1944 Digesta
235 1884 412 1944 componere
440 1868 613 1947 statuisset,
642 1869 824 1930 Triboniano
847 1869 1001 1946 quaestori
1022 1869 1097 1929 haec

81 1956 237 2018 mandavit
264 1950 355 2035 (‘Deo
382 1951 516 2017 auotore'
544 1976 570 2017 a
596 1959 661 2019 530
688 1957 758 2019 Dec.
785 1950 855 2041 lo):
881 1951 1038 2018 ‘Iubemns
1062 1998 1096 2018 ..

80 2045 165 2107 vobis
196 2045 391 2123 antiquorum
421 2045 615 2122 prudentium
638 2092 646 2105 .
666 2091 700 2107 ..
723 2047 816 2107 libros
842 2047 882 2107 ad
908 2047 957 2106 ius
986 2047 1097 2106 Roma

79 2153 153 2194 num
179 2135 365 2210 pertinentes
394 2137 426 2194 et
454 2134 556 2212 legere
582 2137 615 2194 et
641 2135 773 2214 elimare,
800 2138 836 2195 ut
862 2154 898 2195 ex
925 2135 972 2194 his
1000 2135 1097 2196 omnis

79 2224 210 2283 materia
236 2223 411 2301 colligatur,
441 2224 526 2283 nulla
551 2215 731 2305 (secundum
758 2226 838 2302 quod
864 2223 1008 2300 possibile
1036 2216 1096 2306 est)

80 2330 176 2388 neque
205 2311 402 2372 similitudine
430 2330 528 2390 neque
558 2312 708 2373 discordia
734 2312 962 2374 derelicta...
987 2312 1040 2371 sed
1066 2316 1098 2372 et

78 2401 137 2460 hoo
159 2400 331 2460 studiosum
353 2401 440 2461 vobis
462 2418 528 2461 esse
550 2403 699 2475 volumus,
722 2406 768 2479 ut,
792 2403 818 2461 si
841 2401 914 2480 quid
936 2402 969 2460 in
986 2401 1096 2462 veteri·

79 2488 136 2549 bus
158 2507 221 2549 non
243 2489 319 2549 bene
341 2489 475 2565 positum
497 2490 582 2550 libris
602 2490 763 2551 inveniatis
781 2491 831 2552 vel
850 2490 974 2568 aliquod
992 2506 1096 2564 super-

79 2577 175 2638 fluum
188 2579 239 2639 vel
255 2578 356 2638 minus
373 2578 550 2654 perfectum,
569 2596 754 2655 supervacua
771 2578 961 2658 longitudine
980 2580 1097 2637 semota

80 2712 112 2729 ..
135 2665 218 2744 qnod
243 2666 453 2743 imperfectum
480 2670 528 2728 est
555 2669 698 2744 repleatis
797 2669 853 2728 hoc
881 2668 974 2727 etiam
1000 2665 1096 2725 nihilo

79 2755 181 2816 minus
204 2754 403 2833 observando,
426 2758 470 2834 ut,
493 2757 519 2816 si
542 2757 656 2833 aliquid
677 2757 710 2816 in
732 2757 883 2817 veteribus
906 2755 1025 2834 legibus
1048 2753 1098 2815 vel

81 2843 362 2923 constitutionibus,
395 2860 470 2922 quas
502 2845 620 2922 antiqui
651 2845 684 2904 in
713 2846 775 2905 suis
805 2844 891 2904 libris
921 2845 1096 2920 posuerunt,

80 2949 140 2993 non
162 2935 244 2992 recte
268 2933 414 3008 scriptum
436 2933 608 3012 invenistis,
629 2938 662 2994 et
678 2935 736 2995 hoc
754 2933 924 2994 reformetis
943 2935 974 2992 et
992 2931 1097 2992 ordine

79 3021 236 3081 moderato
264 3021 407 3101 badafis,
436 3026 471 3082 ut
496 3023 552 3082 hoc
579 3023 720 3083 videatur
828 3021 916 3099 quasi
943 3021 982 3080 sb
1009 3019 1097 3078 initio

81 3111 238 3187 scriptum,
261 3108 342 3187 qnod
365 3129 384 3170 a
405 3111 491 3171 vobis
513 3112 643 3171 electum
665 3115 699 3172 et
720 3107 763 3171 ibi
784 3111 919 3188 positum
939 3109 1043 3186 fuerit,
1066 3109 1098 3166 et

80 3215 168 3259 nemo
197 3217 234 3259 ex
261 3200 484 3275 comparatione
511 3200 623 3260 veteris
652 3200 813 3262 voluminis
842 3198 930 3277 quasi
956 3197 1098 3258 vitiosam

79 3288 263 3366 scripturam
285 3306 414 3366 arguere
436 3282 568 3349 audeat'

169 3375 285 3436 Deinde
313 3395 340 3436 a
361 3379 423 3438 533
448 3377 520 3437 Dec.
545 3381 584 3439 16
613 3376 693 3438 idem
719 3376 906 3436 Iustinianus
935 3369 985 3433 ‘ad
1012 3390 1098 3433 sena·

81 3469 147 3526 tum
175 3469 207 3526 et
234 3482 337 3525 omnes
364 3460 503 3542 populos'
532 3467 654 3544 scripsit
680 3457 815 3546 (nante
844 3454 959 3545 §10):
989 3455 1100 3520 ‘Tanta
