2422 3976
96 193 163 258 '448
199 192 234 250 V.
252 191 403 248 NERVAE
421 192 469 247 ΕΤ
488 191 641 247 TRAIANI
659 189 767 248 TEMP.
784 191 881 247 IURIS
900 192 1087 250 CONSULTI

94 378 149 423 suo
177 357 301 421 interim
320 361 428 439 partes
454 360 536 421 11111
561 360 601 439 et,
632 355 697 421 nisi
718 360 813 421 totrrm
835 357 951 441 emnil,
975 358 1109 442 inpratis

95 466 148 511 eas
175 447 311 509 retineat.
360 465 435 509 nam
456 445 588 528 propius
616 449 670 522 est,
698 450 733 508 ut
758 464 828 509 enm
854 444 1037 512 huiusmodi
1063 448 1109 512 in·

94 535 259 600 commodis
281 535 465 598 mandatnm
487 533 603 615 suscipi
620 534 722 614 possit
736 535 952 617 praestarique
973 535 1109 620 offieium

94 628 124 688 et
150 624 184 687 in
206 623 350 704 partibus
376 623 509 687 emendis
529 623 658 704 perinde
685 626 774 704 atque
800 623 836 686 in
861 627 921 688 toto
944 624 1050 690 debeat
1071 624 1107 689 al

94 732 143 791 eo,
164 713 219 794 qni
240 711 301 776 tole
322 711 503 776 mandatum
525 730 584 775 sua
606 716 712 793 sponte
733 712 871 793 suscepit.

184 800 238 864 40.
266 799 303 865 D.
321 799 399 864 ibid.
416 800 437 879 ξ
456 800 486 866 3.
514 835 557 845 -
586 798 675 879 Quod
699 801 729 865 si
756 801 952 866 mandassem
981 801 1048 886 tot,
1073 805 1106 866 ut

93 888 230 972 fundum
251 887 331 952 mibi
352 908 470 972 onmes,
492 909 555 953 non
577 889 681 953 addito
703 909 745 973 eo,
768 894 805 955 nt
825 909 889 954 uon
915 891 1008 956 aliter
1024 910 1104 955 mem

95 980 167 1044 dato
199 983 314 1060 teneor,
345 997 438 1060 quom
468 978 497 1042 si
523 981 619 1040 totum
645 998 768 1060 emeres,
800 981 830 1042 et
857 983 892 1043 tn
914 984 1042 1062 partem
1063 977 1102 1044 rel

94 1067 247 1151 quasdam
270 1071 376 1151 partes
402 1067 469 1130 eius
493 1066 613 1148 emeres,
643 1071 708 1130 tum
729 1065 907 1132 habebimus
928 1068 998 1133 sine
1019 1068 1113 1133 derbu-

95 1156 225 1220 inm'eem
242 1155 385 1219 mandati
402 1155 560 1237 actionem,
582 1156 723 1236 quamvis
741 1154 877 1238 reliquas
890 1161 999 1239 partes
1016 1175 1097 1222 1111111

98 1264 161 1309 non
181 1244 337 1326 potuisses.

441 1346 488 1405 De
511 1347 630 1406 oedibus
655 1349 762 1420 emptis.

187 1457 239 1520 41.
271 1453 309 1519 D.
327 1455 381 1537 19,
397 1457 429 1534 1,
445 1456 485 1520 18
500 1478 548 1539 pr.
593 1454 765 1520 Iavolenus
792 1455 875 1521 libro
901 1457 1038 1541 septimo
1061 1475 1090 1518 ex

96 1540 219 1608 Dassio.
245 1581 282 1590 -
309 1544 488 1622 Gronorio,
519 1565 597 1627 petae
622 1565 660 1609 en
687 1544 799 1610 tabulis
823 1545 896 1628 fieri
924 1547 1031 1625 solent,
1057 1545 1091 1607 ita

95 1633 219 1696 aedium
245 1638 330 1711 sunt,
362 1634 391 1698 si
417 1634 534 1714 stipites
561 1654 665 1697 eornm
694 1635 729 1698 in
759 1638 842 1699 terro
874 1634 988 1716 defossi
1018 1635 1087 1708 sunt·

95 1722 178 1803 qnod
197 1722 226 1785 si
247 1740 344 1802 snpra
367 1726 481 1786 11111111
502 1727 587 1800 sunt,
610 1723 690 1787 rutis
712 1726 741 1787 et
761 1724 857 1788 eaesis
879 1725 998 1790 aedunt.

186 1809 239 1874 42.
267 1809 304 1874 D.
319 1810 396 1875 ibid.
411 1812 431 1890 ξ
448 1811 477 1876 1.
492 1847 531 1856 -
550 1811 689 1896 Tepulae,
707 1832 785 1895 qnae
802 1813 941 1877 noudum
959 1807 1086 1896 aedifieiis

78 1898 257 1980 ‘impositae
284 1903 370 1982 sunt,
396 1900 539 1981 quamvis
561 1901 678 1982 tependi
696 1901 802 1983 pratia
823 1901 942 1967 allatae
962 1897 1087 1984 suntin

96 1987 176 2052 rutis
207 1992 236 2051 et
266 1988 362 2052 eaesis
387 1987 543 2053 habemur.
580 1988 670 2054 alind
694 1990 774 2054 iuris
805 1995 850 2055 est
876 1991 911 2056 in
938 1990 1000 2072 bis,
1029 2001 1087 2072 quoi

95 2077 246 2141 detractae
271 2081 344 2141 sunt
369 2081 406 2140 ut
430 2082 662 2159 reponerentur;
690 2079 816 2144 aedibus
842 2080 926 2144 enim
955 2075 1084 2145 aoeedurl

463 2260 510 2317 De
532 2277 613 2318 seroo
637 2265 735 2334 empto.

185 2369 238 2433 43.
275 2368 313 2432 D.
339 2369 394 2448 18,
419 2370 453 2450 6,
479 2371 527 2433 ll.
578 2369 748 2434 Iavolenus
781 2371 864 2436 libro
898 2373 1033 2456 septimo
1058 2386 1085 2430 ex
1132 2404 1134 2409 ·

97 2454 221 2520 Cassio.
243 2495 279 2503 —
301 2456 389 2522 Serri
406 2463 522 2538 emptor
541 2459 570 2522 si
587 2480 656 2522 enm
674 2462 854 2524 eondnetum
872 2464 998 2544 roparit,
1014 2461 1086 2524 dono
1132 2483 1134 2487 ·

92 2547 229 2627 pretium
251 2548 382 2629 soloeret,
405 2547 486 2611 1111111
502 2569 560 2630 per
583 2569 652 2612 eum
674 2569 794 2612 serrum
812 2550 975 2631 adquirere
989 2544 1086 2631 poterii,

98 2636 246 2715 qnoniam
278 2656 338 2699 non
371 2636 489 2699 ridetur
521 2638 654 2701 traditus
685 2639 727 2720 is,
758 2639 846 2702 euius
874 2639 1022 2721 possessio
1045 2648 1086 2730 111

99 2722 276 2787 locationem
307 2725 454 2789 retinetur
487 2746 507 2788 a
534 2727 693 2789 venditore.
741 2726 913 2808 perieulum
940 2730 1003 2792 eins
1026 2739 1086 2790 sem

97 2813 148 2961 adt
167 2818 328 2965 emptorssm
349 2814 495 2896 pertinet,
521 2816 604 2895 quod
631 2820 732 2879 tamen
758 2816 826 2880 sine
852 2817 921 2882 dolo
944 2809 1085 2882 onumen

100 2920 133 2962 m
148 2920 301 2965 11111111.

494 3049 601 3108 Liber
624 3049 708 3109 VIII.

379 3167 428 3231 De
450 3169 597 3233 locatione
618 3170 823 3236 conductione.
1129 3128 1134 3219 l

184 3281 236 3344 44.
264 3280 303 3344 D.
320 3283 369 3363 19,
384 3284 413 3359 2,
429 3284 479 3347 37.
516 3283 686 3349 Iavolenus
702 3285 785 3349 libro
802 3290 918 3352 octavo
933 3308 972 3350 ex
985 3279 1082 3349 Cossio.

97 3405 135 3414 -
167 3368 216 3452 Si,
242 3371 428 3452 prinsquam
457 3373 582 3437 locatori
609 3395 684 3455 opus
707 3373 905 3460 probaretur,
938 3377 968 3440 11
997 3372 1082 3450 dnn

93 3463 307 3539 consumptum
335 3466 389 3537 est,
417 3463 630 3526 detrimentum
653 3464 696 3527 ad
718 3463 880 3529 locatorem
902 3467 947 3530 ita
963 3457 1080 3546 pediti,

93 3547 124 3608 si
147 3547 206 3610 lale
228 3569 303 3629 opus
322 3549 398 3631 fuit,
421 3555 456 3614 nt
471 3551 602 3633 probari
625 3552 745 3616 deberet.
