2422 3976
391 176 416 225 6.
440 168 647 225 IAVOLENUS
664 169 814 225 Pelscus
1040 171 1103 236 451

92 329 202 398 nium¹
223 332 380 398 alluvione
399 333 485 414 faeta
507 333 664 397 restitutae
685 336 740 410 est,
772 333 902 397 semitas
927 354 1044 415 qaoqtte
1071 336 1106 399 ia

87 422 263 506 mistiam
283 425 397 487 statum
419 422 606 498 redimitam
629 422 759 503 quodsi
781 423 816 486 id
837 426 954 503 tempas
968 428 1105 504 praetor·

91 512 177 596 iorit,
203 515 242 575 at
265 511 394 576 servitiis
420 511 595 588 amittatur,
622 531 767 575 romeam
794 531 862 574 eam
885 513 1032 592 uouendas
1053 518 1105 577 est.

182 597 237 665 54.
269 597 309 664 D.
323 598 398 664 ibid.
413 601 433 679 ξ
450 598 480 663 l.
501 635 546 645 —
569 597 647 664 Cum
673 600 726 663 via
749 599 874 680 mellica
896 600 942 663 vel
963 601 1107 680 flaminis

93 689 210 771 impetu
239 688 286 753 eol
319 689 417 752 ruina
448 689 566 753 amissa
596 693 652 771 est,
682 689 802 752 vicimus
826 689 990 769 proximas
1020 692 1107 754 aiam

90 781 252 860 praestare
273 776 363 842 debet.

181 865 235 931 55.
258 864 296 930 D.
306 866 359 946 43,
375 866 425 947 11,
438 865 467 929 2.
502 863 675 929 Iavolenus
690 865 772 929 libro
787 865 910 930 decimo
926 887 964 929 ex
981 863 1103 932 Cassio.

95 991 139 1001 -
168 954 262 1020 Viam
287 953 446 1036 publicam
470 955 607 1035 populas
638 974 700 1018 aaa
731 956 842 1019 ateado
872 955 1010 1019 amittere
1041 976 1105 1020 aaa

183 1131 237 1198 56.
266 1130 306 1196 D.
323 1130 376 1213 39,
395 1131 424 1212 3,
445 1131 485 1197 18
500 1153 549 1214 pr.
598 1129 769 1195 Iavolenus
802 1131 884 1196 libro
914 1131 1036 1196 decimo
1065 1155 1104 1197 ex

97 1218 219 1286 Cassio.
236 1256 275 1267 -
291 1218 329 1286 Si
346 1222 381 1284 im
394 1219 517 1302 mellico
535 1239 610 1302 opus
625 1219 743 1300 fastam
760 1225 811 1302 est,
830 1241 888 1302 qao
902 1242 985 1302 aqua
991 1222 1104 1303 plavia

94 1314 222 1394 noceret,
254 1311 307 1392 dai
337 1329 401 1374 aon
425 1313 540 1390 potest·
572 1309 786 1372 interveniente
817 1309 879 1373 loeo
901 1309 1024 1391 publiea
1051 1312 1104 1393 aqi

88 1399 210 1481 poterit.
259 1418 355 1462 caasa
383 1397 449 1462 aias
474 1397 522 1461 roi
546 1395 620 1462 laea
645 1402 701 1480 est,
728 1398 809 1479 qaod
835 1419 871 1461 ea
897 1399 1014 1463 datione
1040 1420 1103 1463 aaa

94 1491 211 1553 matr
232 1487 297 1552 misi
317 1487 460 1551 dominas
482 1486 574 1551 solas.

181 1574 248 1641 56⁸.
275 1573 315 1639 D.
329 1574 406 1641 ibid.
421 1576 440 1654 ξ
457 1576 486 1641 1.
511 1611 549 1620 -
576 1572 651 1640 Sine
667 1574 823 1657 permissa
841 1576 995 1658 priamidis
1019 1597 1104 1658 aqua

83 1684 145 1748 per
164 1666 250 1730 mam
269 1663 426 1746 publicam
448 1664 520 1729 daei
540 1684 604 1729 non
620 1668 728 1745 potest.

184 1752 237 1818 57.
260 1750 299 1818 D.
310 1753 340 1831 8,
353 1752 383 1833 2,
400 1753 450 1817 12.
486 1751 658 1816 Iavolenus
679 1752 763 1815 libro
783 1751 906 1816 decimo
926 1774 965 1816 ex
980 1751 1102 1819 Cassio.

98 1876 135 1889 —
161 1841 329 1924 Aedificia,
355 1862 433 1922 qaae
459 1841 633 1905 seruitutem
656 1841 820 1922 patiantur
846 1862 885 1905 me
911 1843 986 1923 qaid
1009 1844 1104 1908 altius

90 1931 232 2011 tollatur,
259 1930 374 1995 viridia
399 1949 497 2012 supra
524 1950 592 1993 eam
614 1930 809 1994 altitudinem
830 1929 939 1994 halem
956 1937 1102 2011 possaat;

89 2025 125 2085 ai
144 2021 175 2086 si
196 2020 234 2084 de
249 2023 411 2101 prospecta
433 2023 477 2083 est
497 2039 589 2099 eaque
608 2018 766 2082 obstatura
783 2023 862 2100 saut,
886 2039 948 2082 aon
963 2024 1102 2099 possaat.

181 2106 234 2173 58.
262 2106 301 2171 Ι).
316 2107 346 2190 8,
359 2108 390 2188 4,
403 2109 433 2171 4.
475 2106 646 2171 Iavolenus
670 2107 754 2171 libro
778 2106 900 2170 decimo
919 2128 958 2170 ex
977 2103 1101 2171 (lessio.

91 2231 134 2243 -
158 2195 269 2263 anerl
294 2201 331 2260 dt
351 2197 394 2260 ad
414 2201 527 2260 certam
550 2195 743 2261 altitudinem
765 2199 995 2260 monumemtum
1017 2197 1101 2260 aedi-

88 2286 205 2370 fiaetur,
227 2305 291 2350 mom
303 2288 411 2367 potest,
431 2285 506 2366 qaia
530 2285 565 2348 id
581 2286 662 2365 qaod
678 2284 808 2348 damasi
825 2285 906 2348 iaris
924 2304 985 2348 esse
1003 2286 1102 2366 desiit,

90 2375 266 2440 sorditatam
298 2394 362 2438 moa
392 2374 515 2455 rem'pit;
552 2374 632 2438 sieut
661 2394 700 2437 ae
731 2373 790 2437 illa
821 2373 941 2455 quidem
971 2375 1102 2437 semitas

93 2464 250 2613 {adsistere
266 2467 374 2544 potest,
396 2467 431 2526 at
448 2466 547 2527 certus
564 2482 711 2526 mammas
728 2462 887 2525 homimum
905 2462 940 2525 ia
959 2483 1020 2526 aaa
1039 2463 1101 2526 loeo

113 2557 241 2618 umetmr.

508 2715 618 2775 Liber
636 2716 686 2774 XI.

177 2841 243 2900 Hae
265 2840 342 2900 libro
365 2859 433 2900 aum
455 2840 630 2899 Iauolenum
653 2841 689 2899 de
707 2838 870 2914 piscatione
894 2858 970 2916 quse
996 2840 1045 2900 vel
1068 2841 1099 2898 in

103 2928 167 2989 muri
186 2929 238 2993 vel
259 2929 292 2988 in
314 2930 383 2988 lusu
400 2929 435 2988 fit
457 2929 565 2988 dixisse
585 2929 621 2988 D.
638 2931 687 3001 50,
705 2931 754 3006 16,
771 2930 832 2986 112
857 2929 931 2987 sutis
949 2928 1099 2988 indicetur

104 3017 242 3078 olearum
260 3036 377 3096 quoque
394 3036 495 3076 rerum
513 3018 623 3076 mentio
643 3017 704 3093 fiat,
724 3035 799 3094 quae
819 3037 834 3076 e
852 3016 979 3077 navibus
995 3019 1099 3092 deper-

105 3100 172 3167 aue
202 3108 236 3165 in
266 3105 408 3182 piscando
440 3125 476 3165 ex
506 3106 582 3165 mari
615 3107 814 3164 extrahuntur
844 3106 880 3166 D.
908 3108 960 3181 41,
992 3110 1018 3178 1,
1048 3107 1099 3182 58,

104 3188 251 3272 derebus,
279 3214 355 3273 quse
378 3196 548 3270 occupando
572 3194 786 3272 adquiruntur,
810 3194 978 3270 dequibus
1004 3193 1097 3253 (iuius

107 3279 269 3359 2,,66-69
294 3284 382 3361 dixit,
405 3287 506 3342 uotum
529 3284 622 3343 fuisse
645 3284 812 3359 putandum
835 3287 889 3343 est.

107 3470 278 3599 totilum·
304 3470 380 3526 inira
410 3473 521 3541 tempus
554 3470 629 3538 quod
656 3470 691 3523 ud
722 3469 908 3525 amittendam
934 3469 1099 3526 servitutem

160 3558 184 3596 ei

844 3631 905 3699 us*
