2422 3976
98 114 162 179 326
200 115 233 171 V.
252 113 401 169 NERVAE
421 113 467 168 ET
486 113 639 169 TRAIANI
656 114 765 170 TEMP.
782 115 879 171 IURIS
898 114 1083 172 CONSULTI

97 279 287 362 consistere,
316 281 352 342 nt
380 277 460 342 mihi
488 279 602 343 ceteris
630 279 776 363 partibus
804 279 981 364 redemptis
1011 281 1110 344 etiam

96 371 188 433 tuam
216 371 341 452 partem
368 371 533 450 praestare
561 367 687 433 debeas.
733 368 789 432 sed
813 368 841 432 si
864 367 996 452 quidem
1021 373 1107 434 certo

96 456 202 538 pretio
222 456 373 521 emendas
387 478 441 521 eas
456 456 685 540 mandaverim,
703 456 954 541 quanticumque
969 457 1105 524 aliorum

96 549 207 629 partes
229 545 415 627 redemeris,
443 545 488 609 sic
512 548 544 609 et
566 549 623 609 tua
646 567 721 629 pars
744 546 960 631 coartabitur,
983 549 1102 612 utnon

97 632 240 699 abundet
263 634 407 699 mandati
431 633 657 718 quantitatem,
680 635 713 698 in
737 656 833 718 quam
857 635 920 699 tibi
939 636 1101 700 emendum

96 725 202 787 totum
235 723 400 803 mandavi3
434 722 484 787 sin
517 728 626 787 autem
657 723 747 787 nullo
780 725 868 788 certo
899 724 1007 807 pretio
1034 745 1097 789 cou-

97 812 212 877 stitnto
239 831 342 877 emere
366 810 427 876 tibi
450 811 669 876 mandaverim
692 815 792 896 tuque
815 833 856 876 ex
878 813 1015 878 diversis
1039 833 1095 896 pre·

98 899 154 964 tiis
178 905 286 986 partes
310 903 491 966 ceterorum
514 901 699 982 redemeris,
727 905 760 965 et
782 905 873 965 tuam
895 905 1026 984 partem
1047 898 1096 965 viri

99 988 177 1054 boni
202 990 361 1054 arbitratu
385 989 555 1053 aestimato
578 989 684 1074 pretio
708 989 776 1054 dari
801 992 939 1074 oportet

268 1167 319 1233 De
340 1167 503 1232 donatione
525 1168 727 1232 interveram
749 1172 778 1232 et
798 1187 934 1232 acereta.

186 1283 238 1347 42.
262 1281 303 1348 Ι).
316 1283 368 1362 24,
384 1284 413 1364 1,
427 1282 479 1348 44.
506 1281 678 1346 ‘Neratius
701 1282 785 1346 libro
810 1282 923 1365 quinto
947 1281 1110 1346 Membra·

95 1392 219 1434 narum.
246 1407 283 1418 -
309 1368 343 1435 si
371 1377 541 1435 extraneus
570 1392 637 1434 rem
665 1371 736 1435 viri⁴
754 1371 909 1454 ignorans
939 1371 1007 1436 cius
1036 1383 1110 1434 esse

97 1459 264 1542 ignoranti
286 1459 388 1542 uxori,
412 1480 449 1525 ac
472 1481 512 1524 ne
535 1459 605 1523 viro
629 1459 756 1543 quidem
780 1459 900 1525 sciente
924 1481 996 1524 eam
1016 1473 1110 1523 suam

97 1568 177 1630 esse,
202 1547 377 1629 donaverit,
400 1548 514 1613 mulier
537 1551 623 1612 reete
646 1569 717 1613 eam
740 1547 917 1633 usucapiet.
959 1548 1108 1632 idemque

94 1636 173 1699 iuris
198 1636 272 1718 erit,
299 1637 326 1700 si
348 1636 387 1719 is,
409 1637 464 1720 qui
488 1637 522 1701 in
544 1639 705 1721 potestate
728 1637 789 1703 riri
813 1641 892 1722 crat,
915 1635 1046 1701 credens
1066 1649 1103 1730 sq

96 1727 220 1807 patrem
249 1724 391 1789 familias
419 1746 490 1790 esse
517 1727 608 1790 uxori
634 1725 737 1809 patris
765 1725 944 1790 donaverit.
990 1724 1044 1790 sed
1071 1739 1098 1784 ει

95 1813 145 1877 vir
173 1814 317 1878 rescierit
346 1836 437 1878 snam
463 1835 531 1878 rem
559 1835 642 1897 esse,
670 1815 858 1898 priusquam
887 1813 1095 1899 usucapiatur,

94 1901 318 1986 vindicareqne
347 1924 416 1966 eam
443 1903 564 1985 poterit
590 1924 649 1967 nec
675 1903 763 1968 volet
790 1907 823 1967 et
849 1903 910 1968 hoc
933 1907 967 1968 et
990 1901 1092 1966 mulier

94 1992 231 2075 noverit,
252 1992 506 2075 interrumpetur
529 1991 700 2075 possessio,
724 1991 799 2076 quia
823 1991 954 2057 transiit
977 1993 1011 2057 in
1029 2009 1088 2055 cau·

35 2158 39 2167 ι
96 2102 166 2145 sam
191 2079 231 2144 ab
255 2103 293 2146 eo
316 2080 421 2144 factae
446 2079 639 2145 donationis.
679 2082 782 2164 ipsius
805 2080 950 2145 mulieris
970 2077 1087 2145 scientia

95 2168 229 2253 propius
258 2173 320 2248 est,
350 2174 387 2233 ut
414 2170 538 2233 nullum
567 2169 776 2253 adquisitioni
802 2169 937 2234 dominii
962 2170 1026 2233 eius
1047 2163 1087 2230 ad·

94 2260 180 2322 ferat
207 2258 485 2343 impedimentum
513 2279 578 2321 non
606 2259 692 2322 euim
716 2258 901 2322 omnimodo
925 2278 1038 2323 uxores
1058 2272 1086 2316 er

94 2347 188 2412 bonis
208 2347 360 2429 virorum,
384 2347 439 2410 sed
460 2369 497 2411 ex
517 2367 614 2410 causa
634 2346 818 2412 donationis
839 2347 879 2411 ab
899 2346 981 2430 ipsis
999 2347 1085 2411 factae

95 2436 263 2520 adquirere
286 2435 468 2519 prohibitae
493 2438 577 2499 sunt.

500 2612 549 2677 De
571 2614 699 2677 iniuria.

182 2718 234 2782 43.
259 2717 297 2782 D.
312 2720 364 2799 47,
381 2719 431 2801 10,
445 2719 497 2783 41.
534 2719 687 2783 Neratius
706 2718 789 2782 libro
810 2720 924 2802 quinto
944 2718 1086 2783 Membra·

94 2827 219 2869 narum.
245 2842 281 2851 -
309 2807 413 2886 Pater,
436 2808 525 2872 cuius
549 2807 615 2871 filio
639 2807 727 2870 faeta
749 2812 798 2869 est
816 2807 943 2892 iniuria,
967 2805 1086 2872 nonest

94 2894 326 2977 impediendus,
354 2918 416 2978 quo
445 2897 550 2960 minus
580 2896 704 2960 duobus
732 2896 857 2960 iudiciis
887 2901 920 2960 et
943 2918 1031 2961 suam
1050 2893 1087 2955 iu·

94 2982 210 3047 iuriam
234 2989 444 3067 persequatur
459 2989 500 3061 et
523 2984 590 3048 filii.

183 3095 217 3153 cf.
239 3092 302 3153 Gai.
319 3097 347 3172 3,
364 3097 435 3153 221.

314 3266 364 3330 De
387 3269 574 3349 adquirendo
596 3289 701 3332 rernm
723 3267 884 3332 dominio?

181 3385 233 3446 44.
258 3380 296 3445 D.
311 3384 362 3462 41,
380 3384 407 3463 1,
424 3383 473 3445 14.
518 3381 672 3447 Neratius
697 3382 780 3446 libro
805 3383 919 3466 quinto
943 3383 1087 3448 Membra·

93 3491 215 3535 narum.
242 3508 279 3517 -
307 3469 399 3546 Quod
423 3470 574 3534 inlitora
599 3472 669 3555 quis
692 3471 919 3557 aedificaverit,
942 3474 1008 3538 eius
1026 3468 1087 3545 erit;
