2422 3976
362 212 386 261 7.
410 204 608 261 IUVENTIUS
627 205 761 261 CELSUS
1002 207 1068 272 499

64 367 278 435 ‘Rebelliunus
301 369 330 434 si
353 369 473 433 raverit
497 368 641 433 coloniae
660 368 928 453 Philippensium,
952 370 980 433 si
999 370 1068 434 sine

64 458 169 523 liberis
196 457 367 541 morietur,
394 461 649 542 quantacumque
671 458 805 541 pecunia
829 479 866 522 ex
889 458 1068 524 hereditate

64 545 136 613 dere
153 546 251 612 bonis
265 547 345 610 meis
360 546 487 610 adeum
502 547 656 629 pervenit,
671 568 741 608 eam
756 547 923 629 pecuniam
940 569 1068 612 omnem

64 635 100 698 ud
130 636 292 701 coloniam
324 633 581 718 Philippensium
608 634 856 718 perventuram’.
902 637 1066 718 respondi:

64 744 97 789 ue
120 724 170 789 liis
191 724 297 806 verbm
321 743 399 806 quae
416 725 574 807 proponis,
597 723 651 806 [id
671 728 715 788 est
725 723 909 807 pecuniarii]
928 726 1067 789 eristimo

64 809 150 878 nam
169 812 301 895 feudiis,
323 832 397 894 quos
419 833 456 876 ee
478 812 640 876 hereditate
656 814 799 896 percepit,
822 814 976 877 restituere
999 835 1068 878 erere

63 900 171 985 deltae,
189 902 320 985 perinde
342 902 432 984 quasi
454 901 625 982 specialiter
647 901 701 965 hoe
724 905 846 966 testator
868 904 1067 984 expressisset.

455 1078 505 1142 De
527 1079 673 1143 societate.

144 1193 176 1259 5.
212 1192 251 1258 D.
273 1194 380 1278 17,2,
399 1193 442 1258 58
458 1216 505 1277 pr.
558 1192 648 1256 ldem
683 1191 740 1277 (so.
773 1192 949 1278 Ulpianus)
983 1195 1066 1259 libro

64 1282 249 1369 higensimo
272 1283 377 1365 primo
401 1282 441 1347 ad
465 1282 604 1346 edictum
626 1278 675 1365 (P.
690 1280 778 1367 926).
802 1317 844 1328 -
869 1281 903 1346 Si
926 1283 958 1345 irl
982 1283 1067 1366 quod

65 1372 130 1455 quis
157 1371 193 1436 in
220 1372 406 1435 societatem
436 1370 572 1436 contulit
600 1370 777 1434 extinctum
801 1373 857 1453 sit,
886 1372 1067 1454 videndum,

65 1480 101 1525 un
129 1481 190 1545 pro
223 1460 310 1525 socio
339 1479 434 1543 agere
462 1459 575 1542 possit.
625 1462 803 1523 tractatum
829 1460 876 1524 itu
905 1464 955 1524 est
982 1461 1067 1543 apud

66 1544 186 1614 (ielsum
203 1548 287 1613 libro
303 1551 441 1631 septimo
456 1547 666 1630 Digestorum
682 1547 722 1611 ad
737 1547 909 1631 epistulam
924 1547 1067 1613 Cornelii

25 1714 29 1719 Ι
66 1634 188 1703 l'eliois:
216 1659 288 1701 oum
315 1642 380 1701 tres
404 1658 503 1720 equos
527 1636 662 1700 haberes
686 1642 718 1699 et
742 1656 801 1719 ego
825 1659 939 1719 unum,
969 1638 1066 1703 socio-

22 1782 25 1787 .
66 1728 157 1790 tutem
185 1727 321 1807 coimus,
349 1729 386 1789 ut
414 1730 544 1808 accepto
574 1746 655 1809 equo
682 1746 753 1789 meo
778 1727 967 1811 quadrigam
992 1749 1065 1789 ven-

67 1812 147 1879 deres
175 1820 208 1879 et
237 1836 276 1879 ex
298 1814 401 1898 pretio
425 1820 574 1898 quartum
597 1813 678 1877 mihi
700 1814 858 1879 redderes.
914 1817 941 1878 si
964 1815 1066 1899 igitur

66 1904 133 1969 ente
154 1902 374 1969 venditionem
398 1924 498 1987 equus
518 1924 607 1966 meus
627 1906 772 1966 mortuus
793 1904 844 1984 sit,
866 1925 930 1967 non
951 1909 1064 1986 putare

16 1986 20 2011 ²
66 1988 219 2057 oscelsus
238 1992 285 2055 ait
303 1991 491 2056 societatem
511 2011 639 2054 manere
658 2012 716 2055 neo
736 2013 774 2054 ex
789 1991 893 2073 pretio
908 2013 1064 2075 equorum

10 2080 18 2169 l,
65 2080 183 2145 lnorum
209 2085 335 2163 partem
358 2080 479 2163 deberi3
501 2101 567 2142 non
591 2078 676 2143 enim
695 2079 860 2143 habendae
881 2080 1065 2164 quadrigae,

10 2178 12 2205 ÷
66 2168 115 2233 sed
136 2168 322 2235 vendendae
345 2168 464 2233 eoitam
488 2170 685 2233 societatem.

471 2345 521 2409 De
544 2346 652 2410 tutelis.

142 2461 172 2526 6.
196 2459 235 2526 D.
245 2462 337 2546 23,3‚
347 2461 399 2525 60.
434 2458 544 2524 Celsus
561 2460 645 2524 libro
660 2459 828 2523 undeoimo
843 2459 1060 2543 Digestorum.

62 2582 97 2598 —
112 2548 249 2631 Quaero,
267 2553 408 2634 quantae
426 2551 579 2632 pecuniae
597 2549 703 2612 dotem
720 2550 922 2631 promittenti
936 2548 1063 2612 adultae

57 2638 184 2703 mulieri
198 2643 280 2703 teter
294 2635 522 2703 terretoritoterri1
532 2637 773 2701 accommodare
784 2637 907 2700 debeat.
930 2659 1063 2721 respon·

52 2724 115 2793 dir:
132 2728 243 2793 modus
261 2727 514 2806 extremitatibus
532 2731 561 2790 et
577 2727 725 2807 dipnitote
742 2726 881 2789 reniteris
899 2727 1064 2807 maritique

47 2817 233 2883 mendas
255 2820 309 2896 est,
335 2835 488 2897 quousque
510 2816 592 2879 ratio
611 2816 741 2896 potitor.

141 2905 173 2969 7.
195 2902 235 2970 D.
250 2905 301 2985 27,
317 2905 345 2986 8,
361 2905 389 2969 7.
422 2901 533 2969 Celsus
553 2903 636 2966 libro
657 2902 823 2966 undecimo
843 2901 1062 2984 Digestorum.

43 3024 94 3041 -
108 2993 150 3059 In
164 2993 382 3076 magistratus,
402 2993 456 3076 qui
475 2995 616 3055 tutorem
631 2991 795 3072 dederunt,
810 3010 889 3073 rogo
904 2991 1062 3055 rescribas
1143 3058 1146 3065 ,

40 3086 160 3149 utrum
190 3102 250 3166 pro
278 3080 366 3145 virili
394 3082 541 3164 portione
570 3080 654 3143 actio
684 3079 788 3142 danda
816 3080 871 3156 sit,
903 3101 944 3142 en
972 3079 1061 3162 optio

39 3172 93 3237 sit
121 3171 193 3236 eius
220 3170 274 3254 qni
297 3170 438 3254 pupillus
462 3169 537 3247 fuit,
565 3191 636 3233 uum
661 3190 723 3251 quo
748 3167 954 3249 potissimum
978 3170 1061 3251 agat.

14 3326 17 3331 ,
36 3259 232 3346 respondit:
255 3260 283 3323 si
305 3259 373 3323 dolo
389 3257 526 3338 feeerrmt
541 3259 748 3338 mapistrotos,
771 3261 807 3320 ert
824 3258 928 3320 mireris
943 3255 1062 3337 pupillo

33 3353 220 3430 caveretur,
246 3348 282 3411 ire
309 3367 396 3428 quem
423 3347 488 3410 uerit
514 3348 591 3410 aetio
614 3348 643 3409 ei
665 3346 770 3409 dando
792 3347 827 3408 ire
849 3345 980 3409 solidum
1003 3348 1061 3420 est;

31 3440 98 3505 &in
126 3437 223 3519 ephra
250 3437 414 3501 dumtaxat
439 3455 543 3498 eorum
569 3455 664 3516 neque
691 3435 758 3498 doio
785 3434 866 3497 molo
892 3434 926 3497 id
944 3433 1061 3512 foetum

119 3583 136 3632 1
161 3574 239 3631 Trit.
259 3575 370 3629 curator
389 3588 559 3628 eonsensum.
