2422 3976
95 144 121 202 X

183 315 276 376 Brevi
298 314 517 393 Pomponius
541 315 690 392 Laetus,
713 315 820 376 Vallae
844 315 1018 393 discipulus,
1041 335 1111 378 oum

97 423 133 464 ex
165 404 323 480 Pomponii
353 405 407 464 illo
439 406 610 483 fragmento
641 404 717 465 iuris
751 406 955 466 consultorum
989 406 1111 467 nomina

94 493 279 572 collegisset,
310 493 343 552 in
373 493 478 554 libello
510 513 599 572 quem
630 493 667 554 de
704 495 845 554 Romanis
881 495 1110 573 magistratibus

95 583 243 658 seriptum
265 601 292 642 a
313 584 399 641 1474
423 583 526 662 edidit,
549 582 585 643 de
608 581 683 643 iuris
705 602 823 662 quoque
841 583 946 660 peritis
966 583 1110 643 Romanis

94 663 186 749 egit¹
235 670 341 730 deinde
373 671 539 750 Angelus
568 670 789 752 Politianus,
821 672 874 749 qui
905 691 932 732 a.
962 673 1049 733 1490
1072 673 1111 732 ad

95 759 206 819 librum
233 760 440 820 Florentinum
467 761 540 820 viris
569 760 664 821 dootis
690 762 867 839 plerumque
891 761 994 821 sedulo
1018 764 1111 839 atque

95 850 182 909 auxie
213 849 398 926 prohibitum
432 848 581 909 admissus
619 852 678 929 est,
713 869 775 910 non
810 849 898 910 modo
930 850 1005 909 iuris
1042 869 1111 910 eon·

95 938 244 998 sultorum
279 938 402 998 nomina
440 957 476 998 ex
512 937 609 998 indiae
644 940 783 1015 contulit,
820 939 873 998 sed
906 938 998 998 etiam
1029 938 1111 1018 frag·

95 1029 274 1104 mentorum,
297 1045 373 1104 quae
396 1027 556 1105 inprimis
580 1027 775 1104 Digestorum
797 1027 884 1087 libris
907 1028 1110 1101 inveniuntur,

92 1116 305 1191 inscriptiones
328 1109 477 1193 collegit.8
506 1117 567 1176 iam
588 1115 793 1177 Guilelmus
815 1116 983 1176 Budaeus
1007 1107 1110 1197 (1467

94 1197 247 1287 -1540)
283 1204 390 1264 Vellae
423 1205 502 1264 libro
534 1225 561 1266 a
595 1207 695 1285 1505,
726 1208 763 1265 ut
793 1204 929 1282 videtur,
961 1205 1040 1264 lecto
1074 1208 1112 1265 ut

95 1293 293 1371 Digestorum
333 1295 427 1355 libros
465 1294 641 1374 diligentius
677 1295 831 1355 evolveret
865 1293 1014 1370 impulsus
1055 1297 1111 1354 est.

95 1375 167 1460 ‘qua
193 1384 226 1442 in
247 1377 397 1462 leotione',
423 1383 535 1460 inquit,
563 1378 644 1444 ‘oum
670 1383 774 1443 multis
801 1383 834 1441 in
858 1382 933 1442 loois
956 1382 1112 1443 volumina

93 1472 160 1548 ipsa
186 1472 298 1548 partim
325 1472 479 1551 mutilata,
506 1473 617 1548 partim
649 1470 793 1532 mendosa
823 1471 1017 1549 deprehendi,
1044 1473 1111 1531 tum

94 1578 180 1638 vero,
207 1561 286 1638 quod
309 1560 488 1639 flagitiosius
511 1580 576 1621 esse
603 1561 700 1621 multo
728 1560 892 1620 arbitratus
916 1578 995 1636 sum,
1019 1561 1112 1621 verba

93 1650 192 1709 multa
218 1667 279 1708 non
304 1648 449 1728 trivialis,
477 1649 531 1710 aed
558 1650 698 1728 antiquae
727 1649 895 1725 adprobae
917 1652 1056 1709 monetae
1078 1650 1112 1708 in

95 1737 226 1798 alienum
255 1757 347 1798 usum
377 1738 549 1814 ignorantia
579 1741 750 1814 temporum
772 1740 921 1798 translata
952 1756 1017 1798 esse
1048 1738 1112 1797 ani·

94 1826 251 1887 madverti.
285 1845 322 1886 ea
339 1827 544 1906 indignatione
562 1830 717 1903 permotus
734 1845 827 1888 ausus
847 1845 915 1903 sum
995 1826 1111 1887 iaetare

93 1915 174 1997 inter
192 1915 313 1995 amieos,
333 1935 381 1976 me
400 1916 561 1994 aliquando
578 1916 739 1993 facturum,
761 1919 798 1975 ut
821 1914 991 1975 Pandeotae
1010 1921 1111 1975 ernen-⁴

95 2004 196 2064 datius
228 2007 319 2083 atque
350 2005 569 2084 intelligentius
602 1998 794 2083 legerentur'.
845 2004 898 2064 sed
925 2023 995 2063 oum
1021 2004 1110 2064 intel·

94 2093 219 2153 lenisset
245 2088 469 2155 ‘inconsultius'
498 2112 530 2154 se
556 2092 587 2154 id
615 2093 798 2172 promisisse,
821 2087 973 2153 ‘videlieet
994 2092 1111 2154 viribus

94 2182 207 2243 nostris
230 2181 358 2242 nsodum
381 2183 468 2244 nobis
491 2183 654 2259 exploratis
676 2201 731 2242 neo
749 2181 948 2259 praestandae
966 2181 1011 2241 rei
1030 2181 1112 2240 diffi-

94 2270 208 2331 oultata
231 2272 305 2332 satis
328 2290 454 2332 exoussa
476 2265 709 2349 pensitataque',
733 2271 842 2332 omisso
867 2271 947 2348 quod
969 2274 1112 2372 coeperat

94 2378 184 2436 opere
211 2362 420 2421 annotationes
447 2361 550 2439 potius
578 2361 736 2420 etiamtum
762 2359 923 2420 inusitatas
951 2358 1008 2420 sibi
1038 2360 1111 2419 sori·

93 2447 207 2509 bendas
229 2450 393 2526 proposuit
416 2450 497 2527 quod
519 2467 594 2526 opus
617 2448 722 2526 primis
745 2449 923 2509 anni1508
947 2448 1110 2527 mensibus,

93 2538 184 2613 paulo
206 2541 389 2615 postquam
411 2539 538 2598 Ioannes
561 2537 734 2616 Dsganaius
758 2532 809 2598 ‘ad
831 2537 994 2614 prinoipem
1013 2537 1110 2614 magi·

94 2628 224 2686 stratum
243 2621 427 2704 assumptus'
443 2631 518 2705 erat,
531 2645 702 2706 aggressus,
715 2645 785 2687 oum
798 2629 943 2703 quattuor
956 2644 971 2685 e
974 2626 1111 2704 triginti

94 2714 240 2774 librorum
262 2717 374 2776 selecta
392 2717 563 2794 fragmenta
580 2718 630 2777 vel
647 2715 837 2776 emendasset
853 2714 903 2775 vel
922 2715 1110 2794 explicasset,

94 2822 162 2863 aum
183 2805 370 2881 praefatione
394 2804 432 2864 ad
452 2824 563 2866 novum
581 2805 727 2865 Franciae
745 2804 955 2864 euuoellarium
972 2797 1110 2864 ‘Parisiis

94 2892 197 2972 pridie
208 2912 302 2954 nonas
316 2889 508 2956 Novembris'
526 2894 639 2971 scripta
653 2893 757 2953 eodem
770 2911 848 2971 auno
862 2891 966 2951 edidit.
999 2892 1109 2968 quibus

94 2981 126 3039 in
153 2983 398 3044 annotationibus
424 2983 581 3061 Pomponii
608 3002 727 3062 quoque
754 2982 830 3042 illud
857 2982 1062 3060 fragmentum
1092 2997 1111 3040 a

93 3068 169 3129 iuris
202 3072 344 3132 consultis
376 3073 414 3133 ad
446 3073 477 3132 id
509 3072 655 3150 temporis
687 3072 750 3131 fere
781 3088 905 3147 prorsus
937 3070 1110 3148 negleotum

94 3158 277 3238 philologiea
300 3165 365 3221 arte
389 3180 461 3222 usus
485 3161 699 3222 commentario
721 3159 873 3222 iustruxit

184 3248 356 3326 Sequuntur
374 3250 526 3311 Thomas
545 3248 857 3328 Diplovataooius,
878 3248 931 3326 qui
951 3265 1041 3323 opere
1060 3242 1110 3307 ‘de

168 3461 191 3511 1.
211 3455 335 3526 Saviguy
352 3456 372 3511 1.
391 3471 415 3510 1.
433 3473 462 3525 p.
476 3461 538 3510 448.

165 3531 191 3582 2.
211 3526 335 3597 Savigny
353 3527 371 3583 l.
392 3543 414 3582 1.
434 3543 462 3595 p.
477 3532 538 3582 438.
557 3531 619 3582 442.
