2422 3976
408 183 433 233 5.
456 176 575 233 TITIUS
592 176 722 233 salaro
1005 178 1068 243 381

146 345 272 423 Ulpiani
293 345 387 405 verba
409 346 499 422 plena
520 346 594 405 haec
618 349 700 405 sunt:
726 339 870 406 ‘Aristoni
893 350 924 406 et
946 347 1070 408 Neratio

53 437 85 495 et
102 435 226 495 Iuliano
249 435 348 496 visum
367 437 422 494 est.
464 453 541 510 quae
561 436 711 495 sententia
729 438 760 494 et
778 435 990 496 constitutione
1009 437 1072 498 divi

54 523 101 585 Pii
124 523 322 600 comprobata
344 517 411 583 est'.

407 642 457 708 De
478 643 728 725 fideicommissis.

148 750 203 816 21.
237 747 275 814 D.
293 749 346 833 32,
365 748 417 814 95.
465 748 651 815 Maecianus
683 749 767 815 libro
800 750 938 815 secundo
966 749 1071 816 Fidei·

57 839 306 907 commissorum
335 833 384 925 (P.
409 833 473 924 12).
501 874 545 885 —
573 837 739 922 ‘Quisquis
769 838 850 902 mihi
880 838 973 903 heres
1002 839 1072 920 erit,

59 929 195 993 damnas
231 930 301 992 esto
332 927 407 991 dare
438 925 575 1010 fideique
608 922 677 991 eius
709 927 891 1010 committo,
927 928 977 991 uti
1009 928 1072 1010 det,

10 1074 12 1081 .
59 1020 199 1102 quantas
220 1037 363 1081 summas
383 1014 546 1080 dictavero
565 1014 703 1081 dedero'.
742 1014 855 1080 Aristo
873 1037 925 1080 res
945 1037 1071 1102 quoque

10 1140 12 1149 ·
61 1105 246 1190 corporales
274 1102 433 1169 contineri
460 1104 521 1187 ait,
550 1109 584 1168 ut
606 1105 739 1188 praedia
762 1105 925 1188 mancipia
947 1108 1072 1170 vestem

60 1196 242 1280 argentum,
261 1192 338 1278 quia
356 1196 388 1257 et
405 1192 467 1258 hoc
485 1192 619 1257 verbum
640 1192 802 1277 ‘quantas'
821 1215 885 1258 non
904 1193 945 1258 ad
963 1215 1071 1259 nume

61 1287 167 1349 ratam
189 1281 359 1346 dumtaxat
381 1280 554 1366 pecuniam
576 1281 689 1346 referri
713 1303 751 1346 ex
770 1281 855 1347 dotis
874 1283 1072 1367 relegatione

61 1376 91 1437 et
112 1369 382 1454 stipulationibus
407 1375 534 1453 emptae
558 1369 746 1435 hereditatis
770 1375 904 1455 apparet
922 1376 955 1435 et
973 1371 1070 1436 ‘sum-

10 1532 16 1547 ,
61 1458 142 1527 mae'
162 1458 339 1543 appellatio
359 1458 510 1523 similiter
529 1458 631 1542 accipi
650 1458 789 1543 deberet,
807 1465 844 1523 ut
861 1460 895 1524 iu
909 1460 960 1524 his
975 1480 1072 1544 argu-

10 1558 15 1637 ᾗ
61 1547 178 1615 mentis
197 1568 280 1632 quae
298 1548 404 1612 relata
418 1551 527 1612 esseut
540 1547 728 1613 ostenditur.
765 1549 965 1613 voluntatem
979 1571 1072 1632 prae-

11 1650 14 1655 '
60 1642 148 1704 terea
172 1636 323 1720 defuncti,
346 1657 427 1721 quae
450 1636 589 1701 maxime
613 1636 648 1700 in
665 1636 923 1703 fideicommissis
942 1639 1072 1724 valeret,

62 1726 91 1791 ei
119 1725 302 1792 sententiae
329 1724 516 1810 suffragari3
544 1746 648 1808 neque
676 1726 763 1791 enim
790 1730 866 1810 post
889 1748 960 1791 eam
983 1749 1072 1811 prae·

60 1813 218 1881 arionem
249 1813 446 1878 adiecturum
469 1817 659 1878 testatorem
682 1814 781 1879 fuisse
804 1836 856 1879 res
880 1817 1073 1900 corporales,

61 1904 90 1969 si
111 1904 282 1969 dumtaxat
305 1903 475 1987 pecuniam
497 1908 700 1967 numeratam
724 1905 883 1987 praestari
907 1905 1071 1970 voluisset.

147 2011 202 2077 22.
229 2008 268 2073 D.
287 2009 340 2092 36,
360 2011 389 2089 1,
405 2009 455 2073 74.
498 2007 696 2092 Pomponius
720 2010 804 2075 libro
829 2015 944 2094 quarto
968 2011 1073 2075 Fidei-

61 2101 307 2167 commissorum
330 2094 379 2184 (P.
399 2095 488 2182 218).
512 2132 554 2144 —
578 2097 681 2162 Heres
703 2103 876 2182 praecepto
900 2098 999 2164 fundo
1023 2122 1073 2165 ro·

61 2193 156 2273 gatus
180 2191 251 2253 erat
268 2186 479 2251 hereditatem
498 2186 676 2251 restituere.
713 2187 830 2251 fundus
850 2187 975 2251 alienus
994 2192 1072 2252 erat.

60 2277 175 2342 Aristo
198 2275 307 2340 aiebat
324 2274 507 2358 videndum,
529 2279 639 2339 utrum
658 2275 844 2340 omnimodo
863 2297 961 2358 penes
982 2276 1072 2341 here·

62 2364 135 2430 dem
165 2363 300 2430 fundum
328 2385 398 2428 esse
426 2364 530 2428 voluit
556 2367 697 2429 testator
725 2386 767 2428 an
796 2365 842 2428 ita
871 2363 1011 2447 demum,
1045 2366 1072 2430 si

61 2454 164 2539 ipsius
189 2457 253 2538 est3
276 2452 332 2516 sed
356 2452 419 2517 sibi
442 2452 589 2537 superius
612 2453 749 2536 placere.

151 2547 328 2625 Sequuntur
345 2544 503 2622 Pomponii
525 2547 631 2606 verba:
654 2540 791 2622 ‘ideoque
815 2546 985 2607 aestimatio
1008 2547 1072 2606 eius

60 2636 220 2698 retinenda
242 2629 310 2696 est'.

150 2738 205 2803 23.
233 2736 272 2801 D.
286 2737 338 2818 36,
356 2738 383 2815 1,
398 2737 450 2819 20,
467 2738 495 2800 l.
540 2734 658 2800 Paulus
686 2736 771 2800 libro
799 2735 895 2801 tertio
920 2737 960 2801 ad
984 2734 1073 2804 Sabi·

61 2848 140 2892 num
165 2822 215 2912 (P.
237 2823 361 2911 16380).
388 2862 425 2870 -
451 2823 509 2888 ‘Te
531 2844 626 2908 rogo,
654 2824 732 2888 Luci
755 2824 834 2908 Titi,
861 2825 1073 2892 hereditatem

61 2936 168 2980 meam
193 2936 266 2979 eum
284 2912 378 2978 Attio
401 2911 574 2997 partiaris'.
612 2935 651 2977 ex
675 2918 805 2978 senatus
830 2915 977 2980 consulto
997 2914 1073 2981 Tre·

60 3002 205 3070 bellismo
232 3004 266 3066 in
290 3023 377 3087 eum,
405 3002 456 3066 cui
479 3003 629 3066 restituta
653 3005 703 3066 est
725 3001 901 3086 hereditas,
928 3004 1073 3069 actiones

61 3096 247 3177 competere
274 3091 385 3156 Aristo
415 3091 473 3175 ait,
505 3091 579 3174 quia
606 3112 664 3174 pro
691 3090 753 3155 hoc
781 3091 1002 3175 accipiendum
1030 3093 1073 3156 sit

59 3181 156 3267 ‘rogo
180 3179 393 3245 hereditatem
415 3179 505 3243 illam
528 3178 702 3243 restituas'.

154 3274 328 3352 Sequuntur
350 3275 436 3333 haec:
460 3267 525 3332 ‘nec
548 3274 640 3332 verba
663 3276 835 3348 spectentur
859 3276 980 3333 senatus
1003 3291 1071 3332 con·

61 3363 151 3440 sulti,
184 3363 236 3422 sad
264 3362 412 3423 sententia
439 3362 673 3438 quibuscumque
702 3363 814 3440 verbis,
846 3363 918 3420 dum
944 3363 1073 3423 testator

61 3451 203 3527 senserit,
225 3454 260 3510 ut
281 3451 431 3511 hereditas
455 3467 509 3509 sua
531 3444 729 3512 restituatur'.
770 3470 824 3528 pro
849 3444 982 3510 ‘senatus
1005 3470 1072 3510 con·

62 3534 149 3603 sulti'
179 3540 277 3600 Faber
303 3533 545 3600 ‘fideicommissi'
575 3539 734 3616 legendum
761 3541 869 3600 censet.
916 3542 948 3599 at
975 3543 1073 3599 totum
