2422 3976
473 176 498 226 7.
517 169 704 228 PROCULUS
1030 172 1094 237 123

95 333 318 420 quinquaginta
350 335 557 400 sestertiorum
593 333 703 400 mitia1
737 335 847 420 legata
883 337 960 400 eunt
996 334 1094 400 Titio.

97 420 225 507 quaero²‚
251 425 362 487 utrum
385 425 419 487 et
442 422 677 508 quinquaginta
699 426 905 489 sestertiorum
923 419 1032 489 mitia⁸
1052 445 1094 488 an

99 514 210 576 eentum
234 511 403 576 dumtaxat
424 511 593 576 habiturus
617 508 689 577 sit.4

169 599 326 665 Proculus
349 599 528 684 respondit:
551 601 585 665 in
607 601 662 666 hoo
684 620 758 666 casm
780 603 880 684 maqis
899 601 1003 666 heredi
1014 621 1094 682 por·

102 689 207 753 andam
223 694 277 774 est,
295 690 419 771 ideoque
437 693 599 770 atramque
617 690 749 772 leuatam
762 689 1094 773 autonomiam,

104 777 141 840 aa
157 779 365 844 tantammodo
387 779 594 843 sestertiorum
617 779 716 844 milia.

57 984 60 1049 ᾗ
225 954 275 1020 De
297 955 524 1037 mammonam
546 958 575 1020 et
596 956 745 1039 emptione
767 955 946 1021 venditione.

57 1066 60 1121 3
172 1080 221 1144 24.
244 1077 495 1163 D.50,16,126.
532 1078 621 1144 Idem
640 1079 698 1164 (so.
711 1077 881 1164 Proculus)
898 1081 982 1144 libro
1002 1082 1093 1144 sexto

108 1160 314 1247 Epistularum.
333 1204 375 1214 —
396 1166 439 1252 Si,
463 1189 536 1234 oum
559 1167 694 1233 fundum
717 1169 778 1233 tibi
798 1170 954 1250 manm'qrio
973 1168 1093 1251 darem,

109 1249 189 1338 legem
224 1257 273 1322 ita
309 1255 375 1321 dixi
409 1255 469 1321 ‘uti
501 1257 644 1340 optimus
676 1257 898 1341 maximusque
931 1254 1028 1322 esset'
1060 1262 1094 1321 et

109 1339 186 1408 adieci
202 1342 264 1410 ‘ius
282 1344 376 1410 fundi
394 1344 535 1410 deterius
555 1345 678 1410 factum
691 1367 757 1409 non
772 1367 842 1410 esse
855 1367 914 1429 per
928 1345 1094 1410 dominum

108 1433 321 1516 praestabitur',
339 1433 475 1516 ompiim
492 1455 525 1499 eo
538 1434 749 1516 praestabitur
766 1434 853 1519 mitit,
871 1435 993 1500 etiamsi
1002 1435 1094 1516 prior

105 1534 172 1605 pars,
203 1543 266 1604 qao
301 1523 449 1604 seriqrtam
480 1527 525 1588 est
555 1521 602 1588 ‘at
632 1524 766 1605 optimas
796 1525 1009 1606 maximasque
1039 1520 1093 1588 sit'

108 1601 209 1674 tama
239 1631 301 1677 esse
329 1611 485 1694 nanifioat
509 1632 614 1696 eoqae,
645 1613 847 1694 sinisterior
867 1633 948 1694 pars
975 1613 1093 1678 adieeta

107 1710 151 1760 ton
171 1703 257 1785 esset,
289 1699 417 1764 liberam
438 1705 599 1779 praestare
624 1701 766 1765 deberem.
817 1706 918 1766 tamen
946 1702 1094 1783 inferiore

103 1790 170 1859 tam
188 1790 265 1853 satis
286 1808 335 1853 me
357 1788 518 1853 litteratam
535 1794 624 1874 pato,
651 1790 733 1870 qaod
753 1791 796 1855 ad
816 1790 889 1854 iara
911 1791 1032 1874 attinet,
1054 1810 1094 1854 ne

106 1873 160 1948 mid
169 1877 256 1943 atiud
263 1882 425 1959 praestare
437 1878 568 1961 debeam,
586 1898 681 1960 qaam
693 1878 745 1943 ias
756 1879 851 1959 fandi
857 1899 918 1961 per
929 1880 1092 1944 dominnm

106 1956 209 2030 dmm
228 1965 348 2046 foetam
370 1986 433 2030 non
455 1987 525 2031 esse.

171 2054 219 2118 25.
249 2053 288 2120 D.
305 2055 356 2138 18,
372 2054 401 2138 l,
415 2054 457 2119 68
467 2077 515 2138 pr.
539 2056 579 2136 ἐξ
594 2054 622 2119 1.
636 2057 667 2120 2.
711 2053 866 2121 Proculus
889 2056 973 2121 libro
999 2058 1090 2120 sexto

107 2127 312 2218 Epistularum.

172 2251 194 2300 1.
211 2238 256 2325 Si,
275 2261 348 2305 oum
367 2240 500 2305 fundum
518 2242 680 2325 venderes,
699 2241 731 2304 in
751 2242 823 2325 lege
843 2242 988 2325 dixissen,
1006 2241 1091 2326 quod

108 2328 233 2393 mercedis
261 2329 394 2394 nomine
422 2351 441 2393 a
468 2331 660 2394 conductore
688 2331 865 2413 exegisset,
892 2331 924 2394 id
953 2329 1093 2413 emptori

108 2424 282 2482 accessurum
316 2439 400 2500 esse,
431 2419 571 2483 eaistimo
605 2423 632 2482 te
663 2419 698 2482 in
729 2420 873 2500 eaiqendo
902 2439 966 2483 non
992 2416 1093 2483 seiam

107 2488 191 2569 bonam
210 2507 312 2589 fidem,
337 2508 504 2571 sedetiam
526 2507 718 2589 ditiqentiam
735 2513 897 2590 praestare
919 2507 1022 2571 debere
1046 2507 1093 2586 [id

108 2587 144 2733 tttt
163 2613 222 2659 non
250 2594 357 2660 solum
384 2600 422 2659 ut
445 2618 464 2660 a
486 2599 519 2659 te
543 2595 632 2660 dolus
657 2601 760 2661 malus
784 2597 884 2681 absit,
911 2596 967 2659 sed
995 2595 1093 2659 etiam

108 2685 123 2730 ¹1
149 2681 254 2767 eulpa}

172 2791 194 2842 2.
211 2781 291 2846 Fere
307 2779 512 2863 neqrriqaam⁵
528 2782 627 2848 soient
642 2781 715 2847 daeo
732 2783 822 2849 oerba
839 2784 974 2847 adicere:
993 2781 1092 2848 ‘dotas

107 2861 185 2932 malas
211 2891 233 2935 a
263 2871 418 2935 venditore
444 2869 563 2954 oberit',
596 2872 650 2953 qai
675 2873 768 2937 etiam
795 2873 824 2937 si
851 2873 1002 2938 adiectam
1028 2893 1092 2937 non

107 2949 147 3032 tit,
164 2956 257 3024 abesse
278 2959 369 3024 debet.

160 3115 171 3163 1
190 3113 264 3170 Traia
284 3112 489 3185 quinquaginta
506 3114 591 3171 aurei.

158 3184 234 3241 iFi.
253 3186 373 3255 qnaeris.

160 3255 262 3312 tTrib.
282 3255 490 3326 quinquaginta
507 3275 613 3314 aureos.

57 3346 59 3395 ;
159 3326 336 3382 4Mornmoen
357 3329 398 3383 sio
414 3329 556 3397 ieqendam
570 3335 667 3399 putat:
689 3329 844 3399 quaeritur,
867 3333 960 3384 utrum
980 3328 1092 3382 eentum

57 3402 61 3489 t
109 3380 334 3522 tssqqpinqqaginta
356 3414 456 3454 aureos
480 3417 516 3454 an
538 3400 742 3471 quinquaginta
760 3400 906 3455 dumtaxat
925 3440 931 3453 .
950 3398 1093 3452 Leneliam

57 3504 60 3527 r
142 3473 166 3515 m
179 3482 201 3520 m
229 3471 268 3524 ui.
327 3474 329 3478 Ι

57 3560 59 3581 =
163 3537 225 3594 tF.
243 3539 340 3608 aliqui.
