2422 3976
96 173 139 236 20
166 172 213 228 ΠΙ,
229 171 305 226 GAlI
319 169 464 226 CLAUDII
478 166 1104 227 nnaou.asnssauTuMP.1Ufflscous

94 342 178 400 culus
196 332 390 398 existimant'.
431 336 466 396 D.
483 338 534 413 23,
550 339 578 410 2,
594 337 643 408 25,
660 338 678 395 5
699 329 807 412 ‘magis
824 337 932 414 placet,
953 340 989 397 55
1009 337 1104 398 Gaius

94 427 216 488 Cassius
236 472 264 486 ..
281 473 287 487 .
307 420 431 485 scribit’.
478 424 515 486 D.
530 426 582 501 41,
598 427 626 499 9,
643 427 671 499 1,
686 425 705 481 4
730 418 864 484 ‘Cassius
891 426 935 485 ait
954 474 959 486 .
975 470 983 486 .
998 469 1005 484 .
1023 426 1106 486 idem

94 516 218 576 scribit.
236 564 242 576 .
257 559 265 573 .
279 532 355 593 quae
375 513 523 573 sententia
540 513 632 573 habet
649 507 816 573 rationem’.
852 513 888 572 D.
904 517 955 588 43,
972 517 1023 593 12,
1040 518 1069 592 1,
1085 518 1103 576 3

94 600 256 664 ‘sententia
283 602 392 680 Cassii,
424 621 514 678 quam
545 606 577 661 et
603 600 707 661 Celsus
734 603 856 678 probat,
888 603 1010 663 videtur
1039 623 1107 665 esse

93 684 299 773 probabilis');
317 691 504 767 improbatae
523 694 593 751 sunt
611 690 688 750 aliae
707 691 828 766 551555
846 691 969 752 incertis
983 692 1107 754 habitae

93 782 142 844 551
166 800 233 841 cum
256 779 429 856 exceptione
451 782 568 839 tantum
594 782 733 854 acceptae
756 779 922 840 aProculo
941 774 993 864 (D.
1008 784 1061 854 35,
1078 784 1107 860 2,

96 874 123 946 1,
142 872 182 929 14
201 865 336 930 ‘Cassius
351 917 357 928 .
372 917 378 929 .
394 869 554 946 existimat,
572 867 721 928 Proculus
739 863 863 927 contra'.
901 869 938 929 cf.
957 870 992 930 D.
1009 872 1060 944 45,
1077 873 1107 949 3,

96 961 146 1036 28,
165 961 194 1018 4.
222 959 257 1017 D.
278 959 307 1036 5,
327 959 356 1034 3,
374 948 498 1038 40pr.),
530 956 647 1016 iuliano
681 950 732 1034 (D.
748 958 801 1034 40,
822 961 850 1032 7,
872 959 936 1032 2,1
969 953 1107 1020 ‘Cassius

93 1050 198 1125 negat,
224 1047 361 1106 Iulianus
388 1049 493 1105 contra
521 1039 693 1104 existimat'.
743 1045 779 1103 D.
799 1047 851 1123 43,
870 1049 921 1122 24,
942 1050 981 1106 11
1014 1043 1108 1108 ‘inter

95 1135 235 1196 Cassium
262 1138 293 1196 et
319 1135 541 1194 Iulianum...
561 1133 696 1210 quaestio
724 1125 811 1216 est’),
841 1135 937 1195 Paulo
966 1127 1016 1217 (D.
1033 1139 1061 1212 5,
1077 1140 1107 1216 3,

94 1228 189 1303 4055.
213 1220 257 1284 ‘iu
278 1225 437 1300 praedonis
460 1241 588 1300 persona
609 1223 758 1282 Proculus
781 1227 862 1283 recte
885 1224 1051 1301 existimat,
1074 1226 1107 1285 in

94 1315 189 1375 bonae
212 1313 282 1373 fidei
303 1312 526 1389 possessoribus
551 1303 710 1392 Cassius').

182 1402 253 1462 Divi
276 1401 323 1460 Pii
350 1405 449 1461 aetate
473 1399 565 1460 Gaius
592 1401 751 1459 nonnullas
775 1399 870 1461 Cassii
899 1403 1063 1464 sententias
1088 1424 1108 1465 a

94 1492 245 1569 plerisque
268 1490 431 1565 improbari
452 1489 547 1550 tradit
570 1482 615 1571 (3,
632 1492 670 1550 71
696 1483 811 1549 ‘Cassio
835 1491 970 1566 placuit.
987 1539 993 1551 .
1008 1539 1029 1568 .,
1053 1495 1108 1553 sed

94 1582 186 1640 huius
220 1579 400 1639 sententiam
432 1579 567 1655 plerique
597 1572 778 1655 inprobant'.
830 1579 941 1653 3,147
974 1575 1107 1643 ‘Cassius

95 1669 140 1727 ait
153 1715 160 1727 .
171 1712 177 1727 .
189 1713 204 1746 .,
219 1667 270 1727 sed
288 1667 441 1742 plerisque
459 1660 610 1747 placuit’).
634 1667 805 1727 Maecianus
824 1687 944 1744 quoque
957 1670 995 1730 D.
1009 1673 1062 1747 40,
1077 1673 1106 1750 5,

97 1759 137 1816 35
153 1757 208 1815 ait:
233 1751 314 1815 ‘Gaii
328 1755 422 1815 Cassii
440 1775 499 1815 non
518 1758 564 1814 est
581 1759 703 1831 recepta
721 1756 871 1815 sententia
884 1755 1108 1820 existimantis'.

96 1848 129 1905 at
138 1844 240 1906 Severi
258 1845 320 1904 fere
338 1845 523 1920 temporibus
545 1843 659 1903 Paulus
683 1848 715 1904 55
737 1845 885 1920 Ulpianus
913 1847 989 1907 alias
1012 1847 1109 1908 Uassii

96 1933 261 1994 sententias
283 1934 332 1993 ius
353 1933 460 1993 fecisse
478 1933 604 1993 tradunt
626 1923 755 2013 (Paulus
775 1933 810 1992 D.
826 1937 876 2010 35,
893 1937 921 2007 2,
936 1937 977 1996 49
999 1930 1110 1998 ‘Cassii

97 2023 246 2083 sententia
277 2016 413 2099 utimur’,
445 2021 592 2097 Ulpianus
624 2021 660 2082 D.
679 2023 732 2098 45,
751 2025 780 2100 3,
800 2025 866 2095 9,1
901 2018 1038 2086 ‘Cassius
1057 2073 1063 2086 .
1080 2073 1108 2086 ..

97 2112 217 2187 scripsit
245 2115 276 2170 et
302 2111 438 2170 Iulianus
462 2109 560 2169 Cassii
588 2110 767 2169 sententiam
794 2111 903 2186 probat
926 2132 1020 2189 eoque
1043 2115 1109 2175 iure

96 2193 230 2260 utimur'.
282 2201 317 2259 cl.
347 2219 423 2277 quae
456 2199 602 2274 Ulpianus
634 2198 718 2257 addit
750 2200 786 2258 D.
808 2203 833 2277 2,
855 2202 885 2279 4,
903 2204 973 2277 4,2
1003 2197 1109 2264 ‘Gaius

98 2288 219 2348 Cassius
239 2333 290 2348 ...
309 2289 394 2365 dicit,
424 2288 524 2366 quod.
541 2331 547 2345 .
563 2335 568 2346 .
584 2288 692 2347 merito
717 2284 857 2364 optinuit’
883 2293 914 2349 et
936 2291 973 2349 D.
989 2295 1042 2364 43,
1059 2295 1109 2368 24,

99 2381 186 2454 11,1
215 2371 295 2436 ‘cum
321 2379 438 2453 placeat
462 2376 541 2453 quod
565 2374 687 2436 Cassius
711 2372 855 2459 probat’).
904 2381 937 2438 at
960 2380 1109 2457 Ulpianus

96 2467 169 2526 haec
188 2485 304 2543 quoqne
327 2466 423 2525 tradit
444 2466 479 2524 D.
494 2467 546 2541 40,
563 2468 590 2542 7,
607 2468 668 2541 2,1
695 2460 826 2526 ‘Cassius
849 2471 949 2546 negat,
971 2469 1109 2530 Iulianus

98 2559 202 2615 contra
224 2555 389 2633 existimat,
412 2573 487 2629 quae
512 2555 661 2613 sententia
679 2555 777 2616 verior
798 2551 948 2616 habetur’.

186 2643 386 2704 Tribonianus
409 2643 441 2702 15
463 2642 598 2719 Digestis
626 2644 836 2720 componendis
864 2644 900 2703 de
924 2645 1020 2706 Cassii
1044 2666 1109 2707 sen·

97 2731 201 2791 tentiis
228 2733 279 2792 551
300 2731 479 2808 recipiendis
504 2732 553 2791 551
580 2731 736 2792 reiciendis
758 2733 808 2792 vix
832 2733 936 2794 debuit
959 2738 1109 2813 statuere3

98 2822 179 2878 certe
203 2821 239 2879 de
263 2840 353 2880 aare
379 2820 489 2880 diserte
511 2821 588 2880 nihil
611 2821 756 2880 traditum
780 2825 833 2882 est.
870 2825 990 2882 tantum
1014 2826 1051 2883 de
1075 2845 1109 2885 eo

99 2927 195 2968 sermo
219 2912 274 2987 555,
297 2910 377 2986 quod
400 2904 526 2985 ‘placuit
545 2905 666 2969 Sabino’
685 2911 733 2969 vel
753 2911 832 2986 quod
851 2905 990 2970 ‘Sabinus
1010 2915 1110 2973 existi-

97 2991 210 3055 mabat’
233 3000 282 3058 vel
301 2999 380 3074 quod
394 2993 560 3058 ‘Sabiniani
574 2993 797 3057 existimabant'
814 2998 845 3057 Ο.
862 3003 952 3075 6,26,
968 3003 1062 3076 1055.
1084 3003 1108 3062 I.

100 3088 128 3160 2,
148 3087 198 3161 20,
219 3088 269 3146 36.
294 3086 324 3146 Ο.
342 3089 369 3165 6,
386 3090 436 3165 29,
451 3090 480 3164 3,
497 3090 524 3146 1.
547 3086 650 3162 itaque
673 3089 746 3147 haec
772 3106 820 3146 res
843 3088 902 3147 iam
921 3093 1012 3148 antea
1034 3092 1108 3151 satis

99 3174 235 3248 expedita
258 3179 331 3235 5555.

482 3309 505 3368 1.
530 3310 721 3386 Responsa.

186 3442 223 3500 In
245 3443 449 3518 respondendo
473 3461 589 3519 quoque
614 3441 749 3502 Cassium
772 3443 944 3518 saepissime
964 3445 1108 3506 Sabinum

100 3533 234 3589 secutum
258 3550 321 3591 esse
345 3550 380 3591 ea
403 3532 509 3591 docent
532 3550 608 3607 quae
632 3550 722 3607 supra
744 3552 771 3606 p.
793 3534 833 3591 14
857 3534 979 3592 contuli.
