2422 3976
397 189 421 240 6.
444 180 651 238 Invonanus
668 180 817 237 PRISCUS
1043 181 1109 248 453

190 351 493 428 cf.ea·ua,119sq.
516 396 523 410 .
560 351 754 427 .quaeritur,
777 350 804 409 si
826 368 931 410 servus
954 354 1008 409 aut
1029 370 1113 426 pere·

104 441 208 519 grinrm
236 440 438 518 spoponderit,
461 459 500 499 an
521 458 576 516 pro
605 458 639 499 eo
666 457 792 515 sponsor
814 442 870 498 aut
891 439 1114 515 fidepromissor

105 530 265 609 obligetur.
318 528 476 589 fideiussor
510 547 581 589 vero
619 528 757 588 omnibus
790 528 1023 606 obligationibus

104 619 180 679 adici
205 621 317 695 potest.
363 636 397 677 ac
423 637 461 677 ne
488 617 565 676 illud
587 616 705 693 quidem
728 618 866 691 interest,
891 620 993 675 utrum
1016 618 1113 677 civilis

105 726 141 767 an
162 707 314 767 naturalis
342 706 485 786 obligatio
509 705 548 765 sit
570 706 619 764 cui
641 705 802 783 adiciatur,
825 705 898 764 adeo
922 706 1056 781 quidem,
1080 710 1114 764 ut

104 816 155 872 pro
188 814 277 857 servo
309 813 426 873 quoque
458 795 626 871 obligetur,
659 795 721 853 sive
754 797 913 853 extraneus
946 795 986 853 sit
1018 795 1069 872 qui
1096 814 1114 852 a

105 904 190 946 servo
213 884 420 944 fideiussorem
442 884 579 959 accipiat,
602 883 665 944 sive
687 883 751 959 ipse
776 883 913 943 dominus
935 882 1016 941 inid
1034 884 1115 958 quod

105 973 160 1033 sibi
183 973 337 1033 debeatur.

440 1055 490 1120 Dc
511 1061 624 1137 recepto
647 1055 779 1122 arbitrii.

193 1172 245 1236 63.
273 1169 311 1236 D.
326 1171 360 1253 4,
375 1171 409 1252 8,
423 1170 465 1234 39
481 1193 528 1254 pr.
574 1170 746 1235 Iavolenus
774 1171 859 1234 libro
882 1170 1052 1235 undecimo
1076 1192 1114 1234 ex

106 1256 230 1325 Cassio.
260 1295 298 1306 —
329 1259 402 1324 Nm
428 1280 466 1324 err
493 1259 633 1324 matous
659 1261 775 1343 eurisis,
802 1279 839 1323 m
865 1258 975 1341 quibus
1002 1258 1115 1324 arbitri

100 1350 242 1433 paritum
270 1349 436 1413 smtcmtiae
457 1368 520 1412 mam
542 1353 597 1431 est,
619 1369 721 1429 poma
743 1369 780 1412 aa
801 1349 1015 1429 compromissa
1038 1369 1115 1413 ccm-

105 1438 253 1521 mittitur,
279 1438 332 1502 seat
357 1457 395 1502 ea
420 1437 469 1500 iis
496 1438 672 1520 dmmtaaat,
699 1457 777 1519 qrrac
802 1439 844 1501 ad
864 1438 1044 1501 solationem
1060 1458 1114 1518 pc·
1140 1517 1143 1523 Ι

103 1527 213 1591 maiae
223 1530 281 1590 aut
292 1546 414 1608 operam
424 1526 632 1606 praebendam
640 1527 803 1607 pertimeat.
834 1525 932 1590 Idem.
961 1530 1115 1590 castrima-

104 1616 186 1680 ciam
209 1614 375 1697 litigatoris
397 1615 511 1678 arbiter
527 1616 644 1696 pumirs
663 1615 774 1695 paterii
790 1616 956 1696 pecccatum
974 1635 1043 1679 mm
1061 1616 1115 1680 ari

103 1705 240 1769 versario
258 1705 333 1768 dare
351 1702 487 1767 iubendo.
512 1724 571 1785 qao
593 1706 628 1767 irc
646 1724 773 1767 mamere
790 1703 896 1768 baberi
913 1724 976 1768 mom
994 1708 1116 1789 oportet,

103 1793 132 1858 si
153 1793 278 1858 testium
299 1793 429 1856 momina
451 1813 488 1856 m
505 1793 654 1857 smtmtia
672 1793 784 1856 arbitri
801 1793 936 1857 exhibita
954 1814 1017 1857 mom
1035 1799 1116 1858 sum.

193 1903 270 1963 Uter
297 1897 400 1962 ‘idem’
424 1903 477 1978 sit,
506 1900 625 1963 Cassius
649 1923 689 1962 an
710 1903 884 1980 Iavolenus,
913 1904 1037 1962 dubium
1059 1907 1114 1964 est.

194 2013 246 2079 64.
275 2013 313 2078 D.
327 2014 404 2078 ibid.
420 2015 440 2093 ξ
457 2015 484 2078 1.
506 2051 544 2060 -
566 2013 644 2079 Cam
666 2015 780 2078 arbiter
802 2015 883 2078 diem
904 2015 1116 2095 compromissi

99 2103 238 2185 proferri
261 2103 359 2184 iussit,
382 2123 450 2167 cam
472 2102 527 2167 bac
548 2104 578 2167 ei
593 2104 780 2184 parniacum
802 2107 853 2185 est,
876 2103 1003 2168 alterius
1026 2123 1114 2166 mora

106 2192 200 2257 attari
220 2191 265 2255 ad
279 2211 414 2273 pomam
436 2193 680 2257 committendam
697 2192 832 2274 prodest.

512 2418 619 2478 Liber
641 2418 707 2478 XII.

194 2539 270 2601 Cum
292 2540 339 2600 his
362 2542 539 2620 fragmentis
563 2545 683 2602 tantum
707 2542 742 2602 de
760 2543 876 2618 peculio
896 2546 927 2601 ct
946 2541 982 2600 de
1000 2541 1032 2599 in
1050 2560 1115 2599 rem

102 2649 193 2693 verso
217 2633 338 2708 agatur,
361 2649 421 2690 non
444 2633 553 2707 agatur
576 2632 612 2690 de
636 2631 811 2690 exercitoria
834 2632 882 2691 vel
906 2632 941 2691 de
964 2630 1115 2689 institoria

99 2720 234 2794 actione,
263 2719 299 2778 de
327 2720 364 2778 iis
391 2719 522 2798 negotiis
551 2738 648 2779 sermo
676 2721 768 2780 fuisse
791 2719 924 2797 videtur,
951 2738 1027 2794 quae
1051 2718 1114 2777 sine

98 2810 189 2868 iussu
215 2808 265 2868 vel
292 2807 446 2867 voluntate
474 2808 569 2883 patris
599 2809 747 2869 dominive
775 2811 929 2868 contracta
953 2812 1031 2867 sunt.
1077 2808 1114 2868 cf.

96 2896 176 2957 Insb.
192 2898 223 2973 4,
239 2900 267 2974 7,
282 2898 311 2955 4.
341 2894 404 2955 Gai.
420 2898 449 2971 4,
466 2900 515 2956 71.
561 2888 652 2978 (quae
675 2896 768 2956 Gaius
792 2891 839 2955 ‘de
863 2897 979 2956 actione
1002 2898 1115 2972 quain

96 2985 255 3063 peculium
277 2984 407 3043 filiorum
425 2985 555 3044 familias
575 3005 788 3063 servorumque
808 2978 930 3063 agitur',
954 3004 984 3044 se
1003 2985 1114 3044 dixisse

97 3078 131 3152 4,
147 3076 190 3135 69
215 3073 323 3149 tradit,
346 3092 382 3132 ea
403 3073 435 3131 iu
458 3074 558 3133 codice
581 3075 644 3152 legi
666 3094 725 3134 non
748 3066 932 3156 potuerunt.)

511 3245 560 3310 De
576 3248 705 3327 peculia.

194 3360 247 3426 65.
269 3360 308 3427 D.
322 3361 372 3443 15,
384 3363 413 3445 1,
423 3362 474 3426 33.
485 3361 536 3426 35.
572 3359 742 3425 Iavolenus
765 3362 848 3426 libro
867 3360 1055 3425 duodecimo
1075 3382 1114 3424 ex

103 3448 229 3517 Oussio.
252 3487 294 3498 -
317 3450 381 3516 Sed
400 3451 429 3514 si
451 3452 521 3531 qais
544 3470 665 3514 saraam
688 3452 735 3513 ita
756 3452 903 3528 coadidit,
926 3455 960 3514 mi
976 3450 1114 3531 pretium

97 3557 162 3620 pra
182 3539 303 3622 paculio
330 3540 488 3623 acciperet,
508 3559 603 3621 peaes
630 3559 699 3603 aum
725 3540 843 3604 ridetur
870 3559 933 3604 esso
953 3539 1129 3620 occuitum,
