2422 3976
371 198 396 249 6.
418 192 627 249 IAVOLENUS
646 192 794 249 Pulscus
1021 194 1087 259 487

70 354 246 439 dimisti,
275 358 416 439 puodrn
442 357 639 439 stipulatione
666 363 855 441 conuenerat,
882 358 986 422 idt
942 363 986 422 est
1012 378 1089 440 opus

69 446 132 511 alii
156 465 220 511 noa
243 444 359 527 donasti,
382 447 503 511 tametsi
518 450 626 527 postea
649 446 762 511 locasti.
808 467 843 510 ea
866 447 947 510 enim
972 447 1089 527 toeatio,

68 554 169 637 putans
189 539 309 599 secutis
330 555 374 616 es,
397 535 523 616 perinde
544 539 597 617 est,
619 555 655 599 ae
677 536 706 599 si
728 536 908 616 interposita
929 557 992 600 nou
1015 498 1089 602 essd

68 628 100 688 et
121 624 153 689 si
173 623 281 689 statim
302 628 337 687 tu
358 643 434 705 opas
454 623 556 704 faeere
577 584 729 706 coepisses.

436 798 487 866 De
507 802 730 866 donationibus.

164 915 216 980 66.
236 912 276 980 D.
287 916 338 993 24,
355 918 383 997 1,
398 916 449 981 20.
484 914 656 980 Iavolenus
671 917 755 981 libro
770 917 938 982 undecimo
954 917 1086 1000 Epistu-

69 1004 189 1069 larum.
214 1039 252 1050 —
279 1002 317 1070 st
338 1005 367 1069 is
388 1024 501 1087 serores,
523 1006 578 1086 qui
599 1007 692 1070 uxori
713 1007 820 1071 mortis
841 1027 936 1071 eausa
954 1006 1088 1071 donatus

69 1098 128 1177 est,
151 1094 245 1175 prius
266 1114 361 1176 quom
383 1095 433 1158 uir
454 1095 603 1158 desederet
622 1096 788 1176 stipulatus
809 1100 864 1180 est,
888 1097 922 1160 in
940 1096 1087 1176 pendenti

64 1186 147 1265 puto
163 1200 227 1247 esse
243 1202 371 1247 eausam
389 1182 589 1265 oblipationis,
612 1184 704 1248 donea
721 1185 770 1248 uir
787 1189 844 1248 aut
859 1185 1012 1248 moriatur
1030 1189 1087 1249 aut

68 1270 243 1352 suspicione
259 1272 376 1354 mortis,
393 1276 631 1353 propterquam
651 1274 785 1351 donauit,
808 1273 957 1337 liberetur.
998 1273 1087 1354 quid-

69 1360 149 1442 pur'd
163 1364 267 1424 autem
284 1380 389 1425 eorum
407 1361 555 1443 insiderit,
573 1362 655 1441 quod
670 1362 864 1426 donationem
877 1367 934 1425 aut
944 1365 1086 1443 perennat

69 1452 129 1513 ant
153 1448 323 1529 confirmet,
351 1449 386 1513 id
411 1469 527 1531 quoque
553 1470 680 1514 eausam
704 1451 914 1531 stipulationis
936 1455 992 1514 aut
1013 1471 1084 1514 oon-

69 1536 213 1619 firmata
234 1542 290 1600 aut
311 1537 442 1602 resolvet.
574 1625 591 1690 P

162 1740 214 1805 67.
246 1739 285 1803 D.
304 1740 357 1824 50,
377 1741 427 1823 ll,
446 1742 519 1807 202.
573 1741 664 1806 Idem
696 1741 754 1827 (se.
781 1741 967 1828 Iauolenus)
999 1744 1082 1808 libro

70 1826 241 1893 undecimo
261 1828 492 1913 Epistularum.
516 1867 553 1877 —
580 1830 689 1897 Omnis
706 1833 842 1913 definitio
861 1834 895 1896 in
913 1835 981 1897 iure
999 1832 1086 1897 eioili

64 1917 242 1999 pumulmo
263 1924 322 1995 est;
350 1918 477 1983 rarum¹
499 1925 543 1984 est
564 1921 659 1999 enim,
681 1926 800 1985 utnon
823 1921 954 1986 subuerti
970 1925 1081 2003 posset.

480 2155 588 2214 Liber
611 2155 677 2215 XII.

450 2272 500 2338 De
522 2276 714 2340 testamentis.

161 2386 214 2452 68.
236 2385 275 2452 Ι).
289 2389 342 2472 28,
356 2388 386 2472 5,
401 2389 452 2453 66.
493 2388 583 2453 Idem
607 2386 664 2476 (so.
687 2387 875 2474 Iavolenus)
897 2389 983 2453 libro
1007 2388 1083 2453 duo-

69 2475 197 2540 decimo
216 2474 448 2561 Epistularum.
474 2514 512 2525 -
537 2478 703 2543 Hereditas
720 2480 763 2542 ad
779 2478 918 2544 Statium
938 2478 1083 2542 Primum

68 2565 158 2629 nullo
186 2565 255 2629 iure
275 2567 420 2647 pertinet,
448 2587 517 2631 eum
544 2568 704 2632 institutus
730 2567 813 2632 lieres
840 2588 902 2631 noro
929 2568 978 2631 sit.
1028 2587 1083 2632 neo

68 2654 235 2737 quiequam
257 2655 286 2719 ei
301 2656 435 2738 prodest,
456 2656 536 2738 quod
557 2656 595 2721 ab
617 2677 650 2720 eo
672 2657 794 2738 aliquid
816 2657 948 2738 lepatnm
965 2660 1009 2720 est
1026 2660 1083 2720 out

69 2742 196 2807 detortus
218 2743 247 2806 ei
268 2743 403 2824 defuncti
426 2750 600 2809 testamento
622 2746 849 2811 commendatus
871 2750 921 2809 est.
962 2766 998 2809 ea
1020 2765 1080 2827 quo

65 2832 98 2897 si
120 2832 331 2897 manumissus
352 2853 416 2898 non
437 2839 492 2911 est,
514 2854 618 2898 seruus
641 2839 691 2898 est.

303 3008 352 3074 De
374 3012 560 3093 adquirendo
582 3032 686 3075 rmum
709 3012 853 3076 dominio.

161 3123 214 3188 69.
233 3123 269 3188 D.
281 3126 332 3205 44,
344 3127 371 3205 l,
382 3124 433 3191 55.
464 3127 634 3191 Iavolenus
649 3128 732 3191 libro
749 3126 937 3191 duodecimo
951 3126 1081 3209 Epistu-

65 3214 184 3279 larum.
213 3250 255 3261 -
282 3212 322 3277 Iu
349 3215 498 3280 omnibus
525 3215 633 3294 rebus,
661 3237 742 3299 quae
768 3216 945 3280 dominium
973 3219 1080 3278 traus-

65 3302 192 3382 feruut‚
224 3307 393 3367 concurrat
424 3308 553 3388 oportet
586 3305 717 3370 affectus
752 3327 790 3368 ex
822 3308 956 3388 utraque
986 3306 1079 3387 parta

66 3391 341 3475 oontraheutium3
364 3414 440 3455 nam
464 3393 530 3456 siva
553 3415 591 3457 aa
614 3394 756 3458 venditio
776 3394 842 3458 siva
861 3392 993 3457 donatio
1012 3391 1080 3456 sive

147 3570 161 3619 1
182 3565 231 3620 Fi.
250 3580 348 3634 parum
367 3567 466 3622 emend.
486 3567 655 3622 Haloruder.
