2422 3976
124 179 215 237 XVIII

89 339 93 353 ¹
213 347 457 408 Antehadrianae
477 346 730 422 inrisprudentiae
750 345 881 406 edendae
901 346 1059 406 consilium
1078 347 1143 423 ipse

125 441 195 498 ante
221 438 275 496 bos
304 437 413 514 vigiuti
440 436 570 514 quinque
596 436 659 496 fere
683 454 775 496 annos
799 436 864 512 cepi
888 436 1051 512 statimque
1075 456 1144 496 cum

123 526 289 603 bibliopola
317 525 353 584 de
380 525 461 584 omni
483 544 592 601 genere
615 524 772 584 lIterarum
796 524 908 599 optime
933 524 1041 585 merito
1064 544 1144 586 com·

124 615 285 675 municaui.
315 614 367 674 sed
382 614 539 691 quominus
553 633 616 674 rem
630 614 816 691 propositam
832 614 1022 692 aggrederer,
1034 615 1146 674 nedum

125 703 304 781 expedirem,
328 703 395 762 aliis
419 702 524 763 officiis
548 723 602 778 per
619 703 745 781 longum
763 705 883 778 tempus
901 702 1145 782 impedientibus,

125 813 194 854 oum
225 791 348 852 interim
380 791 451 852 Otto
485 791 577 852 Lenel
610 791 852 868 Palingenesiam
884 792 1021 851 edIturus
1054 795 1145 872 esset,

125 883 273 957 collegam
291 881 401 955 monui,
419 900 456 940 ne
475 880 550 940 iuris
568 880 682 958 publici
701 881 837 958 sacrique
855 880 1025 958 fragmenta
1043 882 1145 959 negle-

126 974 212 1050 geret
230 988 304 1030 ncve
323 969 397 1030 iuris
417 970 569 1030 consultos
583 971 747 1029 secundum
763 969 898 1028 ordinem
911 969 1145 1046 alphabeticum,

127 1058 180 1119 sed
211 1059 313 1136 potius
346 1059 489 1135 temporis
521 1059 638 1118 ratione
669 1058 775 1138 habita
804 1059 978 1135 collocaret3
1009 1059 1090 1136 quod
1120 1059 1146 1119 si

125 1148 242 1225 petenti
269 1147 343 1206 mibi
371 1166 544 1208 conoessum
573 1150 665 1225 esset,
695 1166 713 1205 a
735 1147 889 1223 proposito
916 1147 970 1207 illo
1001 1147 1146 1207 desistere

125 1237 306 1315 cogitabam.
346 1237 425 1313 quod
448 1255 515 1296 cum
534 1254 619 1296 secus
638 1237 754 1296 factum
773 1238 859 1310 esset,
884 1235 1007 1311 optimis
1025 1236 1146 1296 auxiliis

125 1325 186 1385 iam
223 1324 338 1402 paratis
373 1325 559 1401 propositum
596 1344 670 1402 opus
707 1324 782 1385 mihi
812 1324 935 1384 tandem
966 1324 1145 1403 aggredien-

129 1416 200 1475 dum
224 1417 296 1474 erat.

216 1502 274 1562 Sed
305 1501 482 1579 priusquam
514 1504 550 1563 de
580 1503 697 1564 ratione
724 1503 757 1562 in
786 1503 843 1563 hoc
874 1521 963 1578 opere
995 1502 1147 1579 sequenda

127 1610 285 1668 exponam,
313 1591 567 1665 praemittendum
595 1595 655 1670 est,
686 1591 818 1670 quidde
842 1590 1040 1667 Pomponiani
1062 1591 1146 1652 illius

126 1679 296 1756 fragmenti,
319 1698 378 1756 quo
402 1679 438 1737 de
463 1680 695 1740 antehadrianae
714 1699 833 1758 quoque
852 1680 962 1740 aetatis
981 1680 1056 1740 iuris
1077 1699 1146 1740 oon·

127 1769 215 1829 sultis
237 1767 377 1846 traditur,
401 1769 573 1828 condicione
597 1770 734 1830 sentiam.
778 1769 859 1845 quod
881 1768 914 1828 P.
938 1768 1075 1847 Krueger
1098 1770 1147 1831 vir

128 1857 319 1917 doctissimus
343 1857 418 1916 dicit
441 1850 561 1938 (Gescb.
585 1879 614 1933 p.
635 1860 747 1917 17711.
768 1849 839 1940 24):
864 1851 944 1917 ‘dass
968 1858 1021 1917 der
1039 1857 1146 1918 Abriss

128 1947 182 2006 der
208 1946 490 2023 Rechtsgeschichte
518 1946 550 2005 in
576 1947 645 2024 Dig.
666 1950 694 2023 1,
715 1949 781 2019 2,2
816 1947 985 2022 spraohlioh
1015 1947 1147 2008 vieltacb

128 2035 257 2095 Anstoss
286 2038 398 2113 erregt,
427 2035 503 2114 liegt
527 2054 566 2094 an
589 2036 641 2095 der
663 2035 870 2095 verdorbenen
892 2021 1146 2113 llberlieferuug’,

128 2123 267 2184 libellum
293 2124 381 2183 illum
408 2124 469 2182 iam
497 2128 566 2184 ante
598 2124 799 2184 Iustinianum
827 2124 1024 2201 depravatum
1052 2124 1146 2184 fuisse

128 2213 250 2275 videtur
273 2212 452 2272 existimare.
498 2216 531 2273 at
553 2214 652 2289 ipsum
676 2212 893 2272 Tribonianum
916 2231 1036 2291 quoque
1057 2213 1146 2273 Pom·

129 2301 213 2377 ponii
234 2302 438 2362 narrationem
460 2302 543 2362 varie
567 2304 699 2362 mutasse
722 2321 782 2362 non
804 2302 891 2362 modo
916 2301 1073 2381 suspicari,
1094 2302 1148 2362 sed

131 2390 205 2451 satis
230 2390 434 2451 demonstrare
457 2390 537 2452 licet.
752 2445 755 2451 .

219 2479 268 2539 Ad
290 2481 364 2540 baec
387 2481 487 2554 verba,
512 2499 588 2557 quae
607 2481 639 2539 in
657 2479 803 2555 principio
823 2480 979 2557 leguntur:
999 2473 1147 2539 ‘necessa-

129 2569 208 2628 rium
232 2614 239 2628 .
259 2611 266 2628 .
289 2569 375 2628 nobis
402 2562 535 2631 videtur'
566 2563 670 2644 ‘ipsius
693 2569 768 2628 iuris
793 2569 941 2646 originem
963 2572 1054 2646 atque
1077 2587 1147 2644 pro·

130 2675 245 2718 cessum
274 2652 490 2718 demonstrare'
519 2658 619 2719 verbis
644 2651 675 2733 §1
702 2660 742 2718 13
767 2657 808 2717 sic
835 2657 1031 2716 remittimur:
1060 2651 1149 2717 ‘Post

131 2746 276 2824 originem
299 2747 374 2806 iuris
398 2750 428 2806 ct
450 2766 624 2822 processum
647 2747 801 2825 cognitum
823 2764 1006 2823 consequens
1031 2747 1085 2822 est,
1110 2748 1148 2805 ut

131 2835 166 2894 de
188 2835 423 2912 magistratuum
441 2836 611 2896 nominibus
630 2839 662 2895 et
680 2835 793 2912 origine
813 2829 1045 2911 cognoscamus'.
1082 2835 1146 2911 qni-

130 2922 187 2983 bus
207 2924 297 2983 rebus
317 2921 358 3000 ἐξ
377 2926 506 2984 14-34
524 2925 655 2984 narratis
674 2923 836 2999 improviso
856 2942 890 2983 ac
909 2924 1008 2984 subito
1022 2923 1055 2981 in
1069 2921 1088 2999 5
1104 2925 1146 2984 35

134 3013 207 3072 haec
231 3016 410 3087 sequuntur:
435 3008 524 3072 ‘Iuris
544 3013 640 3073 civilis
661 3013 816 3072 scientiam
834 3012 958 3088 plurimi
976 3017 1006 3071 et
1024 3012 1149 3071 maximi

130 3101 188 3161 viri
210 3101 337 3176 professi
361 3096 452 3179 sunt',
476 3120 543 3161 cnm
567 3102 604 3162 de
622 3102 697 3162 iuris
717 3101 813 3162 civilis
832 3101 957 3161 scientia
977 3100 1091 3160 dictum
1109 3100 1149 3159 iri

130 3208 168 3249 ne
186 3190 276 3250 verbo
296 3190 416 3267 quidem
433 3191 653 3268 praemonitum
672 3191 720 3250 sit.
752 3209 822 3249 nam
836 3209 912 3268 quae
931 3190 962 3248 in
981 3187 1000 3265 ξ
1018 3192 1058 3250 13
1074 3193 1149 3265 post

130 3278 224 3339 verba
244 3297 335 3355 supra
354 3281 447 3339 allata
465 3280 619 3357 leguntur:
639 3274 794 3355 ‘posthoc
814 3279 882 3339 dein
897 3279 933 3338 de
953 3282 1148 3338 auctorum

132 3368 359 3428 successione
384 3363 535 3444 dicemus',
559 3369 774 3428 aTriboniano
798 3388 835 3427 ex
856 3367 1023 3444 posteriore
1045 3367 1143 3444 capite

132 3446 187 3534 (ἐξ
206 3450 352 3538 48-53)
376 3459 433 3516 huc
454 3458 601 3516 translata
619 3461 709 3536 atque
728 3457 806 3516 inter
824 3454 864 3532 §5
880 3459 921 3516 34
941 3458 971 3516 et
992 3457 1031 3517 35
1052 3474 1143 3533 qnae-

133 3542 202 3604 dam
225 3545 413 3607 intercidisse
437 3547 545 3606 iudico.
576 3547 649 3623 quid
676 3566 746 3608 vero
775 3545 889 3606 dictum
916 3546 1022 3623 fuerit,
1051 3544 1147 3606 conici
