2422 3976
492 223 518 274 7.
535 217 724 274 PROOULUS
1049 220 1112 284 133

129 399 212 446 eorum
230 380 351 463 cedere,
374 381 450 467 quia
467 403 532 446 non
550 380 630 446 haec
650 403 729 464 esse,
753 382 807 446 sed
824 404 883 466 per
901 403 939 447 ea
959 383 1112 449 solemus.

128 464 271 535 Trebatius
303 471 336 534 in
365 470 460 534 melle
488 474 601 534 contra
629 470 756 556 scribit,
783 519 818 537 ..
841 471 917 556 quia
945 471 1009 536 mel
1040 493 1109 536 csse

126 557 248 625 solemus.
289 559 346 623 sed
365 557 520 624 Proculus
544 559 653 624 omnia
670 558 749 623 haec
768 559 969 625 contineri..
986 561 1111 644 scribit,

67 677 68 685 κ
125 646 170 710 risi
190 648 352 712 contraria
374 669 465 712 mens
488 648 656 712 testatoris
680 655 841 733 appareat.

67 748 69 755 '
189 735 217 801 5.
251 736 290 802 D.
314 736 372 820 32,
397 735 528 818 100„2.
580 735 753 802 Iavolenus
784 737 867 802 libro
901 737 1038 804 secundo
1071 760 1110 803 ex

121 825 335 904 posterioribus
358 823 530 891 Labeonis.
549 861 591 871 -
611 823 725 891 ‘Uxori
748 847 838 890 meae
862 831 995 909 vestem,
1019 849 1109 891 mun·

122 909 178 977 dum
204 913 410 998 muliebrem,
439 918 630 978 ornamenta
653 908 773 996 omnia,
803 937 915 979 aurum
940 918 1109 999 argentum

67 999 71 1036 ’·
120 1001 186 1083 quod
219 1003 288 1067 eius
317 1024 415 1067 causa
441 1003 564 1068 factum
591 1007 805 1088 paratumque
834 1007 920 1068 esset
947 1024 1041 1068 omne
1069 1003 1110 1069 do

67 1099 70 1107 '
119 1087 193 1175 lego'.
234 1090 408 1156 Trebatius
431 1090 511 1156 haec
534 1091 633 1156 verba
656 1091 754 1175 ‘quod
778 1091 847 1156 eius
871 1114 969 1157 causa
989 1093 1112 1157 factum

117 1183 311 1264 paratumque
348 1179 420 1263 est',
457 1179 498 1244 ad
531 1201 643 1244 aurum
676 1185 709 1244 eb
741 1185 911 1265 argentum
944 1180 1113 1245 dumtaxat

117 1267 213 1333 referri
236 1271 346 1352 putat,
369 1267 526 1333 Proculus
550 1268 591 1332 ad
614 1269 789 1333 omnia...

188 1358 218 1423 6.
240 1356 325 1421 Ibid.
344 1360 364 1438 ξ
380 1359 409 1422 3.
428 1394 472 1404 -
495 1355 556 1422 Oui
576 1354 745 1421 Corinthia
769 1380 847 1422 vasa
865 1357 976 1441 legata
994 1359 1112 1440 essent,

67 1454 69 1459 '
113 1465 208 1512 aereas
236 1443 368 1529 abacta
392 1468 517 1530 quoque
541 1467 652 1511 eorum
676 1467 828 1511 vasorum
852 1445 1112 1511 collocandorum

111 1553 193 1599 causa
207 1539 341 1620 paratas
358 1534 465 1599 deberi
480 1534 652 1599 Trebatius
666 1534 842 1617 respondit.
879 1534 987 1599 Labeo
1004 1539 1112 1599 autem

110 1622 132 1685 id
161 1645 228 1688 non
256 1625 389 1707 probat,
421 1623 487 1688 cisi
513 1621 645 1687 creraeas2
672 1620 785 1706 βάσεις
811 1627 950 1688 testator
977 1645 1111 1688 numero

108 1732 250 1778 rasorum
268 1712 392 1777 habuit.
428 1711 584 1776 Proculus
600 1733 674 1775 vero
690 1763 696 1775 .
712 1761 719 1776 .
734 1712 787 1795 ait,
807 1713 835 1777 si
850 1734 967 1776 aeneae
981 1713 1110 1797 quidem

108 1801 180 1885 sint,
202 1822 270 1864 non
295 1804 402 1865 autem
425 1798 625 1883 Corinthiae,
648 1822 715 1865 non
738 1801 854 1865 deberi.

185 1891 214 1954 7.
244 1888 282 1952 D.
299 1890 327 1972 7,
342 1890 371 1970 8,
388 1889 484 1971 12,.1.
529 1888 689 1974 Ulpianus
712 1890 796 1954 libro
820 1891 959 1974 septimo
983 1889 1107 1955 decimo

103 1978 136 2041 ad
155 1977 314 2043 Sabinum
332 1975 383 2064 (P.
396 1974 524 2063 lollb).
545 2013 587 2024 —
606 1976 738 2043 Praeter
755 1977 992 2043 habitationem
1013 2001 1110 2063 quam

102 2065 206 2151 habet,
230 2067 283 2130 cui
303 2089 379 2130 usus
399 2067 493 2131 datus
519 2070 577 2150 est,
600 2066 828 2130 deambulandi
852 2089 977 2151 quoque
1001 2072 1033 2130 et
1057 2087 1109 2151 gc·

101 2156 205 2220 standi
234 2156 285 2219 ius
312 2155 453 2219 habebit.
500 2151 638 2219 Sabinus
667 2160 699 2219 et
723 2153 853 2220 Cassius
883 2159 915 2220 εὴ
942 2157 1041 2240 lignis
1071 2156 1110 2219 ad

99 2265 190 2310 usum
219 2243 434 2308 cottidianum
462 2246 494 2308 et
522 2243 618 2308 horto
648 2247 680 2308 ct
703 2244 809 2328 pomis
833 2248 865 2307 et
888 2245 1052 2309 holeribus
1077 2250 1110 2307 et

98 2332 230 2398 floribus
261 2336 294 2397 et
322 2354 405 2415 aqua
432 2354 563 2396 usurum
594 2329 651 2418 (sc.
676 2354 748 2396 eum
775 2333 826 2397 cui
849 2334 939 2397 fundi
963 2355 1040 2397 usus
1066 2333 1110 2396 le-

98 2427 191 2506 gatus
216 2420 296 2506 est),
323 2443 388 2486 non
411 2420 575 2504 usquead
599 2422 836 2504 compendium,
861 2422 916 2485 eed
940 2422 979 2484 ad
1003 2441 1109 2502 usum,

98 2511 220 2576 scilicet
244 2531 310 2574 non
332 2531 432 2594 usque
456 2508 497 2573 ad
520 2510 664 2573 abusum.
704 2508 788 2573 idem
812 2509 929 2593 Nerva,
954 2512 986 2572 et
1011 2509 1109 2573 adicit

98 2598 288 2663 stramentis
308 2601 341 2661 et
360 2599 531 2662 sarmentis
551 2599 647 2663 etiam
668 2621 811 2680 usurum,
830 2598 885 2662 sed
904 2619 1007 2681 neque
1021 2597 1111 2662 foliis

97 2686 635 2841 brath,”bublhtfflzl
652 2708 766 2840 fist?
794 2686 1110 2841 {balbuttire

97 2864 239 2949 amplius
264 2864 364 2929 etiam
388 2886 426 2928 ex
449 2864 500 2928 his
525 2887 606 2949 quae
630 2864 664 2929 in
688 2864 788 2930 fundo
811 2868 1000 2949 nascuntur,
1024 2865 1109 2949 quod

97 2953 135 3018 ad
158 2955 283 3017 victum
308 2952 370 3017 sibi
395 2953 526 3036 suisque
550 2952 690 3017 sufficiat
713 2956 917 3037 sumpturum
941 2958 974 3018 εὴ
997 2976 1035 3018 ex
1058 2954 1109 3018 his

97 3063 177 3125 quae
200 3041 312 3107 Nerva
332 3041 474 3126 negavit.

185 3130 216 3196 8.
249 3129 289 3194 D.
313 3129 365 3213 35,
391 3130 495 3213 1‚40,
518 3129 547 3194 5.
597 3129 687 3195 Idem
721 3126 777 3215 (ec.
809 3130 992 3216 Iavolenus)
1025 3131 1108 3195 libro

98 3219 238 3285 secundo
262 3241 302 3283 ex
323 3219 557 3303 posterioribus
579 3217 745 3284 Labeonis.
767 3254 805 3266 -
826 3220 984 3284 Thermus
1004 3219 1110 3282 minor

99 3330 236 3392 quorum
263 3307 423 3373 arbitratu
447 3312 690 3381 monumentum
715 3307 777 3372 eibi
800 3308 870 3373 fieri
893 3310 988 3373 vellet
1011 3309 1108 3369 testa-

168 3523 181 3570 1
204 3517 253 3572 Fr.
273 3515 405 3590 ἐνβάσεις.

166 3587 369 3645 assum
