2422 3976
502 172 527 221 a.
546 164 709 222 nmroius
780 210 787 225 .
1045 170 1110 239 277

417 344 467 412 De
488 349 588 430 operis
611 348 795 414 labeonem.
829 385 832 391 -

191 452 230 518 l?
252 452 470 537 D.38‚1‚27.
511 450 655 518 Iulianus
679 454 764 519 libro
787 455 894 540 primo
918 478 957 521 ex
977 456 1110 523 Minicio

122 529 157 620 (Ρ.
173 538 256 628 849).
284 578 328 589 -
356 539 391 606 si
422 541 558 607 libertus
592 547 696 608 artem
728 544 922 626 pantomimi
955 550 1112 630 exerceat,

120 647 202 694 rerum
234 639 282 695 ast
315 634 422 695 debera
458 654 527 695 enm
561 655 621 696 non
659 639 756 697 solum
791 637 849 713 ipsi
881 641 1022 717 patrono,
1059 640 1112 701 sed

119 721 192 783 eliam
217 724 382 784 amicorum
409 724 489 784 ludis
514 725 682 801 gratuitam
704 745 825 801 operam
847 728 1004 805 praebere;
1034 729 1112 788 sicut

119 825 171 871 cum
192 832 310 891 quoqne
333 812 490 890 libertum,
514 813 566 890 qui
589 812 767 874 medicinam
790 819 914 891 exercet,
937 836 1042 877 verum
1065 819 1112 876 est

117 902 256 962 voluntate
284 901 404 977 patroni
432 904 607 962 curaturum
635 903 730 980 gratis
758 904 868 963 amicos
897 904 969 964 eius.
1014 923 1111 982 neque

117 989 180 1050 cuim
202 992 324 1068 oportet
345 993 520 1067 patronum,
543 994 579 1050 ut
602 991 700 1066 operis
723 991 825 1051 liberti
847 994 895 1053 sui
917 995 1035 1071 utatur,
1059 996 1112 1053 aut

114 1072 184 1140 ludos
207 1097 326 1156 semper
347 1079 446 1139 facero
469 1083 524 1138 aut
546 1083 711 1157 aegrotare.

434 1274 481 1332 Ex
502 1273 614 1333 Iuliani
636 1274 714 1335 libro
738 1275 778 1334 Π.

383 1391 613 1459 Desertorem
636 1394 825 1478 oblipotione.

59 1486 61 1511 ¹
186 1499 229 1567 8?
253 1499 293 1564 D.
302 1499 356 1579 45,
367 1500 395 1577 1,
406 1499 458 1564 62.
501 1498 590 1564 ldem
613 1497 671 1586 (so.
684 1498 845 1587 lulianus)
867 1500 951 1566 libro
971 1501 1111 1567 secundo

108 1607 138 1652 ex
157 1587 290 1654 Minicio
313 1585 362 1674 (P.
377 1586 467 1674 858).
491 1624 533 1635 —·
555 1586 673 1655 Servus
696 1593 825 1654 vetante
849 1589 981 1655 dominc
1005 1589 1034 1655 si
1056 1612 1112 1674 pe-

107 1679 226 1742 cuniam
260 1677 301 1742 ab
335 1676 399 1742 alio
430 1676 605 1760 stipulatus
633 1678 689 1761 sit,
720 1677 825 1743 nihilo
853 1679 959 1743 minus
989 1679 1112 1764 obligat

105 1765 228 1833 domino
252 1766 491 1850 promissorem.

475 1906 525 1973 De
547 1909 740 1992 mucapioae.

187 2014 216 2080 9.
245 2013 284 2079 D.
298 2014 351 2096 41,
365 2013 396 2097 4,
410 2015 440 2079 8.
486 2014 576 2078 idem
598 2010 658 2100 (sc.
679 2011 840 2101 Iulianus)
863 2015 946 2081 libro
972 2013 1111 2080 secundo

101 2123 137 2167 ex
153 2102 286 2168 Minicio
306 2099 355 2188 (P.
371 2103 457 2181 855).
476 2139 518 2148 ——
538 2099 573 2167 si
596 2103 677 2186 quis,
700 2125 773 2168 cum
794 2104 891 2168 sciret
909 2103 1111 2168 venditorem

98 2192 268 2277 pecuniam
292 2191 404 2255 statim
424 2195 698 2276 consumpturum,
722 2212 830 2256 servos
851 2193 891 2255 ab
912 2193 1113 2275 coemisset,

97 2286 232 2364 plerique
246 2282 464 2361 responderunt
478 2304 546 2344 eum
559 2284 653 2344 nihilo
668 2285 765 2344 minus
779 2285 929 2344 bonafide
945 2288 1114 2361 emptorem

98 2391 175 2448 esse,
203 2374 294 2450 idque
321 2373 422 2434 verius
446 2376 499 2433 est.
546 2374 694 2451 quomodo
719 2373 797 2432 enim
819 2374 900 2433 mala
922 2373 980 2431 fide
1008 2373 1113 2432 emisse

96 2461 227 2534 videtur,
251 2462 303 2539 qui
325 2481 343 2521 a
366 2461 485 2521 domino
508 2461 601 2523 emit?
636 2463 695 2521 nisi
716 2463 795 2522 forte
814 2465 845 2521 et
862 2463 898 2540 is,
916 2461 968 2538 qui
987 2479 1005 2519 a
1024 2460 1111 2519 luxu-

97 2551 177 2611 rioso
211 2553 243 2610 et
269 2550 406 2626 protinus
435 2554 534 2610 scorto
563 2551 671 2610 daturo
704 2550 861 2626 pecuniam
896 2568 997 2610 servos
1031 2548 1112 2625 emit,

97 2658 158 2699 non
180 2638 346 2715 usucapiet.

190 2721 477 2807 10?D.41,4,10.
513 2720 602 2786 Idem
623 2722 679 2805 (sc.
689 2720 849 2806 lulianus)
869 2722 953 2787 libro
972 2720 1112 2788 secundo

97 2811 139 2876 ad
171 2809 341 2876 Minicium
373 2808 422 2896 (P.
447 2807 537 2898 856).
564 2846 605 2857 -
639 2809 757 2876 Servus
792 2810 920 2877 domino
953 2810 1114 2887 ancillam,

97 2921 196 2986 quam
221 2899 438 2982 subripuerat,
465 2921 524 2982 pro
549 2900 655 2983 capite
679 2921 737 2964 suo
762 2900 864 2983 dedit,
892 2921 931 2964 ea
958 2899 1115 2982 concepit.

97 2988 282 3073 quaesitum
315 2992 378 3065 est,
414 3009 456 3052 an
488 2987 638 3053 dominus
672 3009 745 3052 eum
777 2994 905 3071 partum
938 3008 1114 3071 usucapere

96 3077 213 3162 possit
259 3077 438 3159 respondit:
466 3075 519 3141 hio
543 3077 692 3141 dominus
717 3078 810 3162 quasi
834 3082 960 3161 emptor
982 3080 1113 3160 partum

97 3185 275 3248 usucapere
293 3169 412 3248 potest,
434 3186 572 3249 namque
591 3186 642 3229 res
662 3165 692 3228 ei
711 3166 804 3230 abest
822 3189 880 3250 pro
898 3166 959 3230 hac
978 3163 1113 3229 muliere

98 3258 130 3319 ct
169 3255 315 3340 [genere]
354 3252 591 3337 quodammodo
628 3254 771 3319 venditio
806 3255 891 3319 inter
922 3274 1050 3319 servum
1083 3255 1116 3313 et

101 3341 269 3407 dominum
292 3343 459 3406 contracta
483 3347 541 3406 est.

192 3430 232 3494 11
241 3428 263 3495 ?.
281 3428 321 3493 Ι).
334 3430 387 3512 41,
401 3429 432 3509 2,
446 3430 497 3495 39.
530 3429 621 3494 Idem
635 3429 688 3513 (sc.
703 3429 864 3513 Iulianus)
877 3429 961 3495 libro
977 3425 1115 3491 secundo

104 3538 141 3582 cx
174 3516 308 3582 Minicio
340 3516 388 3602 (P.
408 3515 496 3603 854).
525 3554 567 3564 -
595 3516 757 3583 Interesse
790 3522 883 3603 puto,
915 3539 978 3601 qua
1010 3518 1116 3578 mente
