2422 3976
348 193 373 242 6.
396 185 604 242 Iuvouuuus
622 186 771 242 PRISGUS
997 187 1068 252 463

47 350 190 414 munus
216 350 316 431 ipsius
342 348 460 415 beredis
486 350 587 428 solvit,
615 351 679 432 ipse
705 351 826 431 aunem
852 357 981 432 repetere
1002 372 1066 416 non

44 442 154 521 porat
208 440 262 503 sed
291 440 320 504 si
346 440 507 521 iynorantc
532 438 638 503 buado
664 459 806 504 nummos
834 441 900 504 eius
927 442 1067 522 tradidit,

48 528 209 610 domiuus,
235 528 295 611 ait,
321 547 370 592 eos
397 531 475 592 recte
500 527 675 593 vindicabit.
720 530 822 592 eadem
844 549 940 594 causa
961 550 1066 594 rerum

49 615 262 698 corporalium
282 620 334 681 est.

376 704 428 769 De
449 706 607 769 interdicto
629 706 740 769 utrubi.

141 811 193 876 19.
215 809 358 894 D.41‚3,
369 812 419 877 16.
455 810 627 875 Iavolenus
644 811 725 876 libro
746 815 860 895 quarto
876 834 914 876 ex
927 811 1066 879 Plautia.

53 935 91 946 -
118 898 210 965 Suri
231 901 366 978 nomine,
394 901 447 981 qui
463 901 592 983 pianori
614 902 704 964 datus
726 906 777 978 cst,
800 903 843 964 ad
863 901 1064 966 exhibendam

50 1008 119 1053 urm
143 988 303 1073 creditore,
328 1009 391 1053 non
413 1009 483 1052 cum
505 989 636 1053 debitore
658 991 809 1070 apendnm
831 994 887 1070 est,
914 992 989 1071 qnia
1010 992 1066 1071 qui

46 1078 176 1161 ptaroni
197 1079 293 1158 dedit,
315 1079 357 1141 od
378 1079 595 1160 usucapionem
618 1083 739 1142 tantum
757 1080 899 1159 possidet,
921 1081 1002 1161 qnod
1023 1080 1067 1143 ad

50 1166 186 1249 reliquas
209 1186 311 1231 omnes
333 1186 444 1231 causas
462 1168 601 1248 pertinet,
623 1169 677 1248 qui
698 1168 811 1248 acecpit
825 1168 967 1249 possidet,
989 1169 1070 1233 adeo

50 1260 86 1319 ut
105 1255 192 1320 adici
207 1256 310 1338 possit
330 1260 358 1320 et
373 1258 523 1336 possessio
546 1256 611 1319 eius
633 1257 687 1338 qui
703 1257 832 1338 pipnori
856 1255 1005 1341 accepit¹.

474 1455 582 1515 Liber
605 1455 641 1513 V.

549 1566 566 1630 l

139 1672 193 1737 20.
213 1671 250 1735 D.
261 1670 314 1755 50,
326 1674 376 1756 16,
386 1673 437 1739 83.
466 1673 637 1738 Iavolenus
651 1672 735 1738 libro
751 1675 863 1757 quinto
876 1697 915 1737 ex
926 1673 1065 1738 Plautio.

53 1797 92 1807 —
116 1761 250 1843 Ptoprie
272 1762 350 1826 baua
372 1762 435 1826 dici
455 1781 518 1826 non
535 1766 675 1844 possunt,
697 1784 776 1844 quae
787 1765 862 1848 ptos
881 1764 1065 1828 incommodi

51 1869 145 1932 maru
167 1851 315 1915 commodi
336 1850 454 1915 babent.

138 1961 176 2021 ef.
199 1961 295 2037 opusc.
318 1962 355 2021 fr.
378 1965 430 2021 47.

280 2156 331 2216 VI.
365 2158 619 2234 Epistularum
642 2159 730 2216 libri
752 2157 831 2217 XIV.

137 2281 309 2340 Labeonem
340 2281 558 2358 Proculumque
593 2287 715 2342 secutus
747 2283 906 2342 Iavolenus
939 2282 1064 2357 Epistu-

51 2367 148 2429 larum
178 2368 266 2429 libris
293 2388 435 2446 responsa
465 2389 520 2429 sua
547 2371 711 2447 proposuit.
762 2390 829 2429 oum
856 2371 991 2430 Iavoleni
1018 2389 1062 2429 re·

54 2474 160 2535 sponsa
186 2458 219 2516 in
245 2458 292 2518 bis
320 2458 405 2518 libris
436 2459 545 2518 omissa
572 2460 622 2520 vix
649 2460 849 2535 reperiantur,
884 2477 958 2534 opus
985 2458 1064 2517 illud

54 2549 182 2606 oxtrsmo
197 2547 317 2606 demum
331 2548 412 2608 vitae
426 2551 559 2623 tempore
574 2549 693 2608 videtur
707 2548 842 2607 edidisse.
876 2548 907 2605 in
919 2548 1062 2622 posterio-

53 2652 115 2695 rum
136 2635 215 2695 iuris
238 2637 441 2697 consultorum
464 2637 640 2715 fragmentis
663 2637 709 2695 illi
732 2637 802 2696 libri
824 2655 972 2713 nusquam
995 2637 1060 2695 lau·

54 2716 172 2801 tuntum
199 2728 232 2783 at
254 2725 382 2784 fortasse
405 2726 559 2784 Aburnius
582 2725 707 2803 Valens,
735 2725 842 2798 Gaius,
872 2725 985 2784 Paulus
1009 2742 1062 2784 eos

54 2813 212 2891 respiciunt
236 2803 277 2894 (v.
301 2806 405 2893 infra).

135 2901 196 2972 Qui
211 2901 387 2962 Iauolenum
404 2904 629 2978 consuluerunt,
650 2904 729 2962 inter
748 2920 821 2980 quos
840 2903 914 2962 iuris
934 2903 1063 2963 studiosi

53 2990 189 3051 videntur
216 2991 321 3068 fuisse,
348 2992 483 3068 priorum
511 3011 628 3069 quoque
656 2992 731 3050 iuris
759 2992 964 3051 consultorum
993 3010 1060 3051 sen-

51 3080 158 3141 tentias
182 3080 360 3158 attulerunt,
388 3081 460 3156 quid
482 3081 623 3141 Iauoleno
646 3081 806 3156 videretur,
835 3081 1063 3159 interrogantes

52 3159 95 3249 (D.
107 3170 160 3245 50,
173 3169 407 3246 1s,116.28,5,
420 3161 482 3250 11).
520 3170 552 3228 in
571 3189 628 3247 quo
648 3190 720 3228 num
738 3187 809 3228 casu
828 3171 942 3228 factum
957 3169 1005 3242 sit,
1027 3170 1064 3226 ut

50 3258 160 3332 priores
187 3256 264 3316 iuris
292 3258 421 3318 oonsulti
448 3277 466 3317 a
493 3259 714 3318 consulentibus
742 3259 830 3317 allati
856 3258 879 3315 ii
906 3257 964 3332 ipsi
990 3257 1060 3329 sint,

51 3346 98 3423 qni
129 3348 201 3405 ante
232 3346 388 3406 Neratium
425 3347 631 3422 Epistularum
662 3347 754 3406 libros
787 3347 953 3421 ediderant,
991 3347 1065 3404 lioet

51 3453 201 3512 quaerere.

118 3566 133 3615 1
155 3560 232 3617 Tuo.
252 3559 339 3617 dedit.
372 3561 532 3616 emendavit
550 3561 642 3616 Eisele
659 3561 686 3615 Ζ.
701 3561 727 3615 d.
743 3561 862 3618 Suu-St.
877 3559 1046 3629 nultum.
