2422 3976
95 179 160 242 272
196 178 230 233 V.
249 176 399 232 NERVAE
418 177 465 231 ΕΤ
484 175 635 230 TRAIANI
653 175 760 232 TEMP.
778 176 875 232 IURIS
894 175 1077 233 OONSUL'PI

96 346 224 407 conubio
263 345 425 405 contractis
461 345 560 422 legem
595 343 722 420 rogandi
757 345 789 405 et
824 346 974 406 rationem
1008 348 1083 422 potu

96 435 208 495 hebere
232 437 262 495 et
285 433 502 494 auctoritatem.
539 436 672 493 ceterum
694 433 858 510 optandum
882 437 937 512 est,
960 436 996 493 ut
1012 433 1046 494 in
1062 434 1083 492 ir

97 523 178 600 qnod
205 525 243 582 ed
270 523 462 582 matrimonia
483 523 538 582 ills
560 523 659 581 setste
682 522 714 580 in
735 522 859 598 imperio
882 523 1019 583 Romano
1043 541 1083 583 coi

94 612 241 672 trahenda
272 611 435 690 attinebat,
466 611 603 686 inprimis
635 610 671 668 de
703 610 894 671 matrimonio
925 611 1008 688 quod
1035 611 1083 671 inr

93 701 231 779 gentium
258 719 322 761 esse
350 700 466 776 dicunt,
494 698 666 776 diligentius
692 718 782 775 quem
805 699 902 760 adhuc
923 699 1041 760 fsctum
1062 718 1083 759 er

93 789 270 867 inquiretur.
319 789 350 848 id
377 807 471 848 unum
498 806 616 861 moneo,
645 786 753 847 Gaium
784 787 816 847 in
845 787 883 848 iis
911 807 988 864 quoe
1019 791 1083 865 1,7

94 879 131 937 de
158 881 244 954 perte
271 877 348 955 legis
370 876 507 936 Miniciee
536 894 722 952 supervacue
749 879 780 936 et
809 880 838 955 1,
853 879 905 937 84.
920 877 963 938 85
992 877 1029 936 de
1052 869 1083 937 ‘ri

94 961 214 1026 stitnte'
251 966 325 1026 iuris
361 965 496 1042 gentium
528 966 636 1043 regule
666 964 723 1042 cit,
759 957 880 1042 regulos
911 964 1024 1042 quibus
1053 964 1083 1025 ill

94 1058 194 1116 aetate
224 1055 388 1115 utebantur
419 1054 496 1115 falso
523 1053 584 1113 iem
613 1053 652 1113 ed
679 1052 809 1128 priorem
832 1057 966 1116 oetatem
987 1054 1083 1115 refero

469 1231 510 1291 II.
541 1231 733 1307 Responsa.

182 1356 336 1417 Minicium
354 1373 498 1430 responsa
516 1355 633 1413 dedisse
651 1354 762 1414 diserte
779 1353 927 1414 traditum
945 1359 999 1416 est.
1030 1370 1082 1432 qne

95 1464 237 1522 responsa
258 1463 326 1504 cum
343 1443 375 1502 in
394 1462 482 1519 opere
501 1444 537 1502 de
556 1461 616 1520 quo
635 1443 714 1502 infra
731 1443 893 1504 videndum
911 1448 966 1518 est,
978 1441 1083 1503 edidiss

95 1535 248 1612 videatur,
280 1532 382 1592 eadem
414 1533 470 1591 hoc
498 1532 564 1592 loco
591 1550 756 1607 proponere
784 1532 948 1608 supersedi.
997 1527 1083 1593 suffieit

96 1623 202 1682 seriem
224 1638 435 1696 responsorum
456 1621 643 1682 indicavisse.

429 1773 480 1840 Dc
502 1775 609 1858 leontis
633 1774 776 1840 tabernis.

189 1884 216 1948 1.
251 1881 290 1946 Ι).
304 1882 357 1966 33,
371 1882 401 1960 3,
419 1885 447 1946 1.
493 1879 638 1945 Iulianus
666 1880 751 1945 libro
778 1881 882 1964 primo
912 1903 951 1945 ex
977 1872 1082 1945 Minicio

97 1970 148 2059 (P.
162 1967 242 2058 845)
265 1994 293 2035 v.
311 1970 396 2034 infra
418 1992 449 2053 p.
464 1970 538 2035 276.

320 2111 371 2177 De
392 2113 580 2195 adquirendo
602 2131 707 2176 rerum
729 2112 873 2176 dominio.

186 2222 215 2285 2.
239 2219 279 2284 Ι).
300 2220 349 2301 14,
363 2219 437 2301 2,8.
473 2216 621 2282 Iulianus
644 2218 728 2282 libro
752 2217 890 2284 secundo
916 2240 955 2283 ex
975 2207 1078 2283 Minido

98 2308 148 2394 (Ρ.
162 2306 242 2395 857)
266 2331 294 2374 v.
313 2306 440 2390 infrep
442 2308 537 2372 ,278

185 2399 214 2463 3.
238 2396 379 2478 Ι).,414,
392 2395 443 2459 10.
488 2394 577 2459 Idem
602 2395 661 2480 (so.
674 2391 835 2480 Iulianus)
859 2330 945 2460 libro
968 2383 1076 2460 secund⁰

97 2488 137 2552 ad
160 2486 326 2551 Minicium
331 2445 400 2570 (P.
416 2481 496 2568 856)
520 2506 548 2548 v.
567 2483 652 2547 infra
674 2505 705 2565 p.
720 2484 794 2549 277.

467 2641 518 2708 De
535 2643 737 2708 servitutibus.

183 2750 213 2813 4.
238 2749 277 2814 D.
292 2750 321 2833 8,
332 2749 425 2827 3,31.
471 2748 617 2814 Iulianus
641 2750 724 2814 libro
749 2749 889 2816 secundo
915 2774 953 2816 ex
973 2735 1073 2814 Minio

98 2836 147 2922 (P.
162 2834 240 2923 852)
264 2861 293 2903 v.
312 2838 396 2902 infra
419 2861 448 2921 p.
463 2839 537 2903 279.

520 2979 569 3044 Dc
591 3000 681 3062 aquo.

186 3085 214 3150 5.
238 3085 277 3151 D.
288 3086 340 3168 43,
350 3087 402 3168 20,
412 3087 442 3168 5,
456 3088 482 3151 1.
525 3085 615 3149 Idem
639 3082 696 3172 (sc.
711 3083 871 3173 Iulianus)
890 3086 972 3153 libro
990 3077 1073 3170 quert⁰

98 3196 137 3239 ex
160 3173 291 3240 Minicio
317 3173 366 3258 (P.
380 3173 460 3259 869)
484 3198 513 3239 v.
532 3173 619 3239 infra
641 3198 672 3259 p.
686 3175 761 3239 282,

426 3333 475 3398 Dc
497 3336 543 3400 rei
564 3335 713 3400 vindicat
689 3339 777 3399 tione.

187 3441 215 3504 6.
248 3439 285 3504 D.
308 3439 337 3523 6,
358 3440 457 3520 l,161.
508 3439 653 3505 Iulianus
681 3440 764 3506 libro
793 3445 885 3508 sexto
914 3463 951 3508 ex
974 3425 1077 3504 Minioi⁰

98 3525 146 3613 (Ρ.
162 3527 239 3613 878)
263 3550 291 3593 v.
310 3527 396 3592 infra
418 3551 449 3611 p.
464 3529 537 3594 285.
