2422 3976
100 189 166 255 230
193 190 240 246 IV.
254 189 472 246 VESPASIANI
484 189 557 244 ΤΙΤΙ
570 191 766 248 DOMITIANI
778 190 887 248 ΤΕΜΡ.
899 191 998 250 rums
1012 192 1116 250 OONS.

100 375 197 439 quem
221 353 300 418 emit
323 354 439 418 mulier
462 355 542 418 satis
566 356 743 439 accepisset
766 358 799 420 et
822 355 959 421 eundem
976 356 1114 422 fundum

99 443 133 507 in
161 443 269 508 dotem
296 442 449 527 dedisset,
477 444 591 509 deinde
620 441 737 528 aliquis
765 466 838 509 enm
866 467 886 510 a
913 446 1033 511 marito
1056 468 1115 531 per

100 530 255 596 iudicium
279 532 479 616 abstulisset,
504 552 595 616 posse
616 532 779 598 mulierem
802 530 916 602 statim
939 554 1038 620 agere
1061 535 1115 601 ad·

99 641 212 684 versus
253 620 458 686 fideiussores
500 621 673 706 emptionis
710 618 934 708 (evictionis?)
971 623 1114 708 nomin‘e,

99 708 193 792 quasi
233 709 391 775 minorem
428 709 537 775 dotem
574 710 692 775 habere
729 711 889 795 coepisset
925 710 977 776 vel
1015 712 1113 778 ctiam

98 796 236 881 nullam,
265 798 292 862 si
319 801 448 863 tantum
476 796 613 864 maritus
642 798 827 884 optulisset,
854 801 971 885 quanti
993 799 1112 867 fundus

98 890 192 951 esset.
290 942 294 951 .

187 992 239 1058 25.
263 992 526 1078 D.·18,1,57pr.
560 994 682 1060 Paulus
705 982 801 1060 libro
814 994 928 1079 quinto
952 995 995 1060 ad
1017 995 1110 1062 Plau·

98 1081 182 1146 tium
206 1079 255 1168 (P.
276 1078 386 1168 1116).
409 1118 452 1128 —
476 1081 618 1148 Domum
643 1084 720 1167 emi,
748 1104 819 1148 cum
843 1105 915 1148 earn
939 1088 973 1149 et
995 1105 1057 1168 ego
1080 1090 1111 1150 et

98 1171 248 1236 venditor
289 1172 492 1235 combustam
532 1172 767 1255 ignoraremus.
826 1170 938 1237 Nerva
973 1170 1110 1239 Sabinus

98 1257 230 1324 Cassius
249 1258 331 1323 nihil
352 1259 488 1340 venisse,
507 1261 654 1344 quamvis
673 1282 749 1326 area
767 1264 908 1345 maneat,
927 1263 1110 1345 pecuniam·

97 1369 159 1432 que
183 1350 324 1413 solutam
348 1348 473 1413 condici
496 1371 591 1432 posse
615 1350 715 1415 aiunt.

187 1454 238 1519 26.
267 1454 307 1520 D.
325 1454 401 1519 ibid.
421 1457 441 1535 ἕ
458 1456 485 1520 1.
512 1491 556 1503 -
585 1454 642 1521 Sin
670 1460 777 1521 autem
804 1457 955 1523 venditor
983 1456 1107 1542 quidem

97 1544 221 1609 sciebat
240 1543 371 1607 domum
390 1565 461 1607 esse
480 1547 635 1628 exustam,
654 1550 781 1629 emptor
799 1549 909 1611 autem
926 1546 1107 1632 ignorabat,

96 1633 186 1696 nullo
220 1633 308 1696 modo
340 1631 559 1697 venditionem
592 1637 691 1718 stare,
725 1635 753 1699 si
784 1638 856 1700 tcta
888 1636 1003 1700 domus
1035 1639 1105 1699 ante

96 1719 312 1784 venditionem
337 1724 450 1785 exusta
473 1721 525 1786 sit.
630 1762 635 1771 -

186 1830 267 1901 Quae
295 1835 474 1909 sequuntur,
501 1852 561 1892 non
590 1833 715 1908 Plautii,
743 1834 796 1893 sed
821 1834 941 1894 Neratii
968 1835 1104 1897 ridentur

94 1938 171 1980 essa.
216 1920 253 1980 cf.
276 1919 311 1979 D.
333 1923 561 1999 18,1,57pr.:
590 1915 654 1981 ‘sed
682 1923 707 1981 si
733 1941 804 2000 pars
831 1925 938 1984 domus
966 1924 1100 1994 maneret,

93 2009 239 2069 Neratius
264 2002 328 2068 ait'.

186 2112 238 2175 27.
263 2110 302 2175 D.
317 2112 414 2194 20‚4,
431 2112 481 2177 13.
517 2111 635 2177 Paulus
654 2111 737 2177 libro
756 2112 871 2196 quinto
889 2113 931 2178 ad
944 2115 1099 2180 Plautium
1146 2154 1149 2175 2

91 2197 146 2285 (P.
163 2197 271 2285 1118).
294 2237 330 2247 -
353 2200 497 2264 insulam
521 2200 583 2264 tibi
606 2201 735 2265 vendidi
758 2205 790 2265 et
809 2201 875 2266 dixi
894 2204 1015 2286 prioris
1033 2199 1098 2269 anni
1147 2234 1149 2271 :

95 2289 283 2372 pensionem
302 2288 391 2371 mihi,
411 2290 613 2373 sequentium
627 2289 689 2353 tibi
704 2311 905 2355 accessuram
920 2293 1098 2378 pignorum-

91 2399 158 2462 -que
191 2379 231 2442 ab
266 2377 422 2462 inquilino
456 2378 605 2442 datorum
636 2379 685 2442 ius
713 2382 884 2462 utrumque
913 2387 1095 2446 secuturum.
1145 2398 1149 2467 ,j

96 2465 205 2531 Nerva
225 2465 391 2549 Proculus,
414 2466 479 2529 nisi
503 2466 542 2529 ad
566 2470 737 2550 utramque
760 2469 950 2551 pensionem
973 2471 1097 2555 pignora
1147 2472 1149 2545 s

96 2556 297 2640 sufficerent,
332 2555 382 2620 ius
420 2555 563 2619 omnium
600 2556 772 2639 pignorum
809 2557 952 2642 primum
985 2559 1026 2625 ad
1056 2575 1095 2621 ne
1147 2560 1149 2625 i

91 2645 284 2727 pertinere[,
317 2644 393 2728 quia
419 2641 504 2707 nihil
536 2648 645 2727 aperte
674 2645 795 2708 dictum
823 2650 923 2725 esset,
956 2669 996 2712 an
1026 2667 1096 2713 con·

97 2733 238 2796 munitor
264 2754 302 2795 ex
326 2732 476 2796 omnibus
499 2732 691 2817 pignoribus
716 2755 842 2798 summa
864 2757 925 2820 pro
949 2741 1021 2802 rata
1043 2754 1096 2802 ser·

96 2822 218 2900 vetur],
242 2822 270 2884 si
294 2821 368 2904 quid
393 2824 589 2905 superesset,
614 2822 653 2886 ad
678 2828 720 2887 te.

186 2914 358 2991 Sequuntur
380 2916 465 2974 haec:
491 2909 624 2974 ‘Paulus
660 2915 734 2975 facti
752 2916 890 2993 quaestio
910 2913 968 2978 est’
990 2923 1021 2979 et
1038 2940 1064 2997 q.
1079 2931 1095 2972 ⁸·

185 3015 237 3080 28.
267 3014 303 3080 D.
320 3017 371 3094 12,
389 3017 482 3098 1,31,
499 3016 526 3080 1.
571 3016 661 3080 Idem
690 3015 746 3101 (sc.
769 3014 906 3104 Paulus)
932 3020 1016 3086 libro
1039 3039 1097 3103 sep
1145 3020 1149 3185 ⁴

98 3105 177 3168 timo
202 3104 325 3169 decimo
350 3106 390 3169 ad
409 3106 571 3170 Plautium
592 3104 640 3190 (P.
657 3102 767 3192 1235).
794 3142 831 3153 -
858 3105 995 3173 Servum
1016 3113 1097 3174 mun

97 3195 419 3366 iipiidiiiriaiiif
440 3194 614 3347 itti?
627 3216 772 3366 Siti?
787 3216 843 3369 {ir
857 3193 1097 3353 &ritant

96 3374 155 3435 est.
207 3370 345 3436 Sabinus
373 3369 504 3437 Cassius
537 3393 631 3455 posse
663 3376 695 3436 te
728 3372 808 3437 mihi
840 3373 1007 3440 hominem
1034 3395 1098 3440 con·

96 3458 213 3542 dicere,
242 3460 297 3525 aad
326 3461 353 3523 si
383 3459 459 3544 quid
487 3458 569 3524 mihi
596 3461 723 3524 abesset
751 3483 791 3525 ex
813 3463 947 3547 negotio
971 3461 1098 3548 quadis

95 3549 263 3633 gessisset,
286 3548 422 3614 invicem
446 3570 497 3612 me
520 3552 625 3613 tecum
650 3552 804 3616 acturum.
