2422 3976
142 192 184 256 ‘28
212 192 260 249 ΙΙΙ.
276 191 351 246 GAII
366 182 513 247 CLAUDII
527 189 663 247 NERON.
674 189 819 247 GALBAE
827 191 936 249 Tune.
945 192 1041 248 IURIS
1052 191 1155 251 CONS.

231 356 261 420 3.
283 353 323 419 Ι).
337 355 390 436 42,
406 355 435 434 8,
451 356 503 419 11.
544 350 720 418 Venuleius
744 351 936 420 Saturninus
959 355 1043 420 libro
1063 359 1157 422 sexto

141 443 393 509 Interdictorum
416 438 470 530 (D.
485 438 551 529 29).
571 479 614 490 -
634 439 767 508 Cassius
790 443 950 508 actionem
974 444 1159 510 introduxit

141 533 175 598 in
198 532 232 597 id
256 531 341 617 quod
365 531 404 596 ad
427 531 577 596 heredem
600 532 756 616 pervenit.

229 651 343 728 Agitur
362 651 398 710 de
416 650 454 710 iis
473 670 550 729 quae
568 651 601 709 in
618 651 756 711 fraudem
775 652 954 712 creditorum
974 653 1158 714 factasunt.

141 740 235 800 Lenel
248 740 345 799 Edict.
364 759 392 816 p.
409 742 471 800 399
491 759 521 799 n.
537 743 554 798 1
571 740 627 798 ait:
651 734 771 800 ‘Venul
785 741 850 800 will
862 742 943 800 wohl
955 741 1040 800 nicht
1054 759 1158 820 sagen,

141 830 208 889 dals
224 828 346 889 Cassius
360 828 450 907 disse,
467 829 594 888 sondern
608 829 673 887 dass
687 848 720 887 er
732 829 903 906 uberhaupt
922 830 979 889 die
998 829 1157 890 Bereiche-

140 918 324 996 rungsklage
339 936 394 980 aus
407 916 546 978 Delicten
560 917 703 977 adversus
717 918 858 978 heredem
872 918 1044 997 eingefflhrt
1057 913 1159 979 babe'.

231 1037 262 1104 4.
290 1035 330 1103 Ι).
344 1037 398 1121 44,
413 1035 445 1119 4,
458 1037 490 1121 4,
504 1035 556 1100 33.
601 1035 760 1120 Ulpianus
783 1036 868 1101 libro
892 1037 1160 1123 septuagensimo

143 1128 235 1191 sexto
264 1126 304 1190 ad
333 1126 474 1191 edictum
503 1123 553 1210 (P.
576 1121 687 1210 1682).
715 1160 756 1171 —
785 1124 892 1190 Metus
920 1148 1017 1191 causa
1045 1147 1158 1211 excep·

140 1216 264 1280 tionem
293 1212 425 1279 Cassius
457 1235 523 1278 non
555 1217 771 1298 proposuerat
803 1217 976 1279 contentus
1009 1214 1076 1279 doli
1106 1236 1160 1280 ex-

143 1303 307 1389 ceptione,
330 1324 413 1386 quae
436 1305 486 1367 eat
509 1301 680 1386 generalis.

229 1423 378 1499 Ulpianus
397 1422 494 1481 addit:
518 1415 582 1482 ‘sed
600 1421 707 1480 utilius
725 1421 824 1482 visum
842 1426 888 1481 est
906 1422 998 1482 atiani
1017 1421 1054 1481 de
1072 1426 1158 1483 metu

142 1530 292 1589 opponere
307 1504 532 1586 exceptionem'.
562 1511 599 1569 de
613 1510 737 1586 Ulpiani
751 1510 908 1584 sententia,
923 1511 1021 1589 qualis
1035 1510 1156 1588 quidem

141 1599 286 1677 traditur,
314 1598 400 1660 valde
424 1598 517 1657 dubia
539 1619 567 1660 v.
590 1599 713 1659 Pernice
735 1592 781 1658 ΙΙ8
803 1621 832 1674 p.
849 1602 921 1660 199.
937 1602 1010 1677 232,
1033 1599 1087 1678 qui
1109 1599 1159 1661 vir

143 1687 336 1748 doctissimus
349 1707 378 1764 p.
390 1689 452 1747 199
468 1687 579 1746 iterum
592 1687 722 1764 dubitat,
741 1707 780 1747 an
799 1688 834 1747 de
849 1687 924 1748 Gaio
939 1687 1042 1748 Cassio
1058 1706 1157 1750 senno

144 1777 197 1836 sit:
222 1770 444 1835 ‘Willknrliehe
462 1762 666 1854 duderungen
689 1795 737 1834 am
756 1776 868 1836 Edilrte
890 1778 968 1837 noch
989 1778 1080 1836 unter
1104 1778 1159 1837 der

140 1865 315 1943 Regiorung
334 1865 385 1924 des
400 1863 539 1925 Tiberius
556 1864 655 1924 haben
674 1864 740 1924 eine
754 1864 945 1943 Vermutung
958 1884 1057 1944 gegen
1071 1861 1157 1928 sich'.

142 1958 175 2014 at
197 1956 267 2014 ante
281 1952 478 2013 Hadrianum
501 1955 654 2028 praetores
677 1953 781 2031 magni
800 1954 928 2013 nominis
952 1954 1158 2015 auctoritatis·

142 2063 199 2121 que
235 2042 395 2118 probatae,
434 2042 519 2102 cuius
555 2041 673 2118 generis
710 2040 847 2101 Cassium
886 2042 977 2102 luisse
1014 2047 1157 2119 apparet,

100 2160 106 2170 ·
142 2132 276 2190 edictum
296 2150 378 2191 more
397 2130 521 2208 antiquo
541 2129 579 2189 ad
598 2129 705 2189 melius
722 2131 898 2206 produxisse
916 2132 1023 2209 negari
1040 2132 1157 2208 nequit.

141 2221 178 2280 cf.
201 2219 372 2297 Aquillium
396 2219 518 2280 Gallum
540 2219 555 2277 I
577 2238 606 2294 p.
627 2220 700 2280 115.

319 2449 374 2508 111.
407 2448 617 2508 Sententiae
640 2448 676 2507 in
700 2452 828 2509 senatu
851 2449 980 2510 diotae.

232 2571 260 2633 1.
288 2567 364 2633 Tac.
388 2589 462 2631 ann.
488 2567 539 2646 13,
561 2567 603 2632 41
634 2572 672 2632 ad
703 2591 728 2633 a.
753 2575 794 2634 58
822 2576 980 2648 postquam
1009 2593 1058 2634 res
1088 2593 1158 2634 con·

140 2667 190 2722 tra
213 2661 379 2721 Tiridatem
401 2662 477 2721 bene
500 2663 601 2736 gestas
624 2661 769 2738 narravit,
792 2660 834 2720 sic
855 2663 969 2740 pergit:
993 2656 1055 2722 ‘Ob
1076 2657 1158 2725 haec

142 2745 364 2811 consalutatus
378 2745 555 2828 imperator
564 2744 596 2810 N
598 2766 663 2828 ero,
677 2749 710 2809 et
723 2748 854 2809 senatus
869 2747 1017 2811 consulto
1032 2748 1158 2830 suppli-

142 2834 288 2899 cationes
306 2833 447 2918 habitae,
470 2837 660 2918 statuaeque
684 2837 718 2898 et
740 2855 832 2898 arcus
856 2838 889 2898 et
912 2834 1057 2900 continui
1081 2856 1157 2900 con-

143 2923 269 2988 sulatus
287 2920 436 3006 principi,
457 2925 557 3005 utque
574 2923 660 2986 inter
677 2922 778 2986 festos
796 2921 971 2989 referretur
989 2923 1067 3008 dies,
1090 2945 1165 3008 quo.

141 3014 273 3097 patrata
286 3012 435 3093 victoria,
455 3032 518 3095 quo
532 3011 692 3091 nuntiata,
711 3031 774 3094 quo
793 3012 931 3076 relatum
951 3011 988 3076 de
1008 3034 1046 3076 ea
1061 3016 1158 3098 esset,

143 3100 268 3183 aliaque
290 3099 325 3164 in
348 3099 483 3164 eandem
505 3099 643 3164 formam
665 3099 893 3180 decernuntur,
922 3101 1000 3165 adeo
1023 3100 1157 3166 modurn

143 3209 282 3273 egressa,
300 3191 337 3253 ut
354 3185 389 3254 O.
403 3186 536 3253 Cassius
555 3187 593 3253 de
613 3188 727 3253 ceteris
745 3188 923 3253 honoribus
943 3189 1109 3274 adsensus,
1128 3189 1158 3255 si

142 3298 202 3362 pro
224 3277 428 3361 benignitate
449 3276 599 3342 fortunae
624 3276 673 3340 dis
697 3281 806 3361 grates
831 3282 1016 3362 agerentur,
1043 3299 1084 3341 ne
1107 3282 1159 3343 to·

143 3370 214 3430 tum
242 3366 370 3449 quidem
403 3387 522 3429 annum
552 3364 845 3448 supplicationibus
879 3366 1026 3431 sufficere
1055 3367 1158 3432 disse·

142 3455 254 3537 ruerit,
277 3477 378 3539 eoque
398 3457 546 3536 oportere
566 3453 664 3517 dividi
683 3475 791 3519 sacros
812 3456 845 3518 et
863 3455 1053 3540 negotiosos
1077 3455 1159 3541 dier,

144 3543 215 3626 quis
239 3543 349 3608 divina
372 3543 514 3607 colerent
537 3545 570 3606 et
591 3543 733 3608 bumana
754 3563 820 3608 non
843 3543 1059 3626 impedirent?
