2422 3976
201 200 236 255 Π.
253 198 495 255 mensionum
513 198 743 255 SENTENTIAE
762 201 809 254 ET
827 199 933 254 LIBRI.
1006 201 1071 267 559

67 367 99 427 et
119 363 293 447 ignorante
316 363 500 428 adversario
524 362 739 428 constituitur.
785 363 861 448 quin
880 364 979 429 etiam
998 369 1073 431 sunt

10 456 12 463 '
66 452 121 537 qui
143 455 262 537 putant
285 474 358 516 eum
382 474 509 537 quoque
535 455 776 535 procuratorem
799 453 908 535 videri,
932 455 983 519 cui
1005 477 1072 520 non

65 540 109 605 sit
126 540 325 624 mandatum,
348 540 377 605 si
395 541 491 605 modo
510 540 675 605 bonafide
695 540 826 606 accedat
844 541 885 605 ad
903 544 1071 626 negotium

64 631 97 693 et
120 633 234 695 caveat
256 633 361 693 ramni
383 650 452 693 rem
475 628 641 694 dominum
663 628 860 694 habiturum.

153 743 228 809 151.
273 743 313 809 D.
336 744 366 824 3,
390 745 420 828 3,
444 746 471 809 1.
517 743 675 828 Ulpianus
708 743 791 808 libro
813 766 900 809 nono
924 744 965 809 ad
989 746 1071 811 edio·

61 836 142 899 turn.
163 868 202 879 -
296 834 442 918 quamvis
461 831 601 918 quidam,
619 836 656 897 ut
670 832 867 915 Pomponius
950 833 1074 919 scribit,

60 942 128 985 non
157 923 274 1005 putent
300 920 396 985 unius
424 922 471 985 rei
493 922 680 986 mandatum
704 921 932 1004 suscipientem
956 944 1070 1005 procu·

60 1012 207 1075 retorem
226 1030 305 1093 esee,
323 1009 417 1076 sicuti
435 1032 475 1074 ne
489 1011 518 1074 is
536 1009 674 1094 quidem,
695 1009 750 1093 qur'
768 1031 837 1074 rem
850 1010 1072 1094 perferendam

61 1096 114 1163 vel
138 1096 312 1183 epistulam
335 1098 387 1163 vel
409 1098 559 1163 nuntium
583 1098 805 1182 perferendum
826 1100 975 1183 suscepit,
998 1122 1071 1183 pro·

28 1256 36 1272 ,
59 1184 131 1271 prio
155 1187 347 1271 appellatur.

301 1363 389 1445 Quod
410 1369 506 1428 metus
528 1384 622 1428 causo
641 1369 758 1445 pastum
780 1365 854 1427 erit..

153 1488 227 1553 152.
263 1486 303 1551 D.
326 1488 358 1572 4,
376 1487 406 1571 2,
424 1487 455 1569 9,
475 1489 504 1551 2.
550 1486 707 1569 Ulpianus
731 1488 814 1552 libro
838 1486 1007 1554 undecimo
1031 1490 1070 1553 ad

60 1575 214 1643 edietum.
233 1613 278 1625 -
372 1575 569 1659 Pomponius
594 1575 705 1640 scribit
728 1575 883 1660 quosdam
903 1625 932 1640 ..
957 1582 1071 1660 putare

61 1666 164 1731 etiam
187 1665 272 1729 servi
293 1665 580 1729 manumissionem
598 1665 648 1728 vel
672 1663 808 1728 aedificii
828 1665 1072 1748 depositionem,

60 1774 162 1839 qnam
181 1754 253 1838 quis
277 1757 407 1818 coactus
426 1752 512 1835 fecit,
536 1753 576 1816 ad
595 1754 833 1817 restitutionem
856 1753 950 1817 huius
976 1754 1072 1818 edicti

59 1842 293 1927 porrigendam
318 1863 395 1907 esse.

155 1947 229 2013 153.
275 1947 315 2015 D.
344 1948 375 2031 4,
402 1949 432 2031 2,
461 1948 512 2028 14,
539 1946 569 2011 5.
614 1945 773 2029 Ulpianus
797 1947 879 2011 libro
903 1936 1070 2013 undecimo

62 2037 105 2103 od
128 2036 279 2102 edictum.
299 2073 338 2083 —
365 2088 393 2101 ..
413 2037 542 2121 quidam
565 2039 681 2119 putant
705 2036 869 2099 bonafide
893 2040 1070 2118 emptorem

61 2127 105 2192 ab
129 2146 169 2191 eo
193 2126 249 2209 qni
274 2146 343 2189 rem
371 2126 482 2190 intulit
509 2127 747 2208 comparantem
777 2146 841 2188 non
878 2125 981 2188 teneri
1012 2146 1071 2188 nec

61 2236 137 2281 eum
163 2214 326 2300 quidone
350 2214 473 2295 accepit
495 2214 545 2276 vel
570 2213 621 2277 cui
644 2232 694 2275 res
718 2212 827 2295 legata
850 2215 908 2278 est.

152 2342 189 2404 cf.
211 2363 240 2419 p.
264 2344 337 2402 241.

444 2452 493 2517 De
514 2452 582 2517 dolo
604 2451 695 2515 mulo.

155 2576 228 2642 154.
272 2576 312 2641 D.
335 2576 366 2660 4,
388 2576 418 2659 3,
443 2575 493 2659 18,
511 2576 539 2641 5.
586 2574 705 2639 Paulus
733 2575 816 2639 libro
839 2574 1006 2638 undecimo
1031 2575 1072 2639 ad
1104 2604 1107 2609 ·

62 2666 214 2732 edictum.
244 2701 286 2711 -
320 2663 354 2729 Si
388 2687 529 2747 servum,
566 2686 658 2749 quem
689 2668 723 2727 tu
756 2663 836 2726 mihi
866 2664 1072 2746 promiseras,

64 2754 149 2821 alius
173 2753 335 2838 occiderit,
358 2753 397 2817 de
420 2754 492 2817 dolo
517 2754 603 2817 malo
625 2753 783 2816 actionem
802 2750 928 2834 <mihi>
946 2753 978 2814 iu
998 2774 1071 2815 eum

64 2842 204 2907 dandam
224 2842 369 2926 plerique
388 2892 395 2906 .
411 2895 417 2906 .
436 2845 562 2926 putant,
586 2841 661 2924 quia
679 2848 714 2904 tu
734 2862 753 2903 a
772 2863 822 2905 me
842 2841 998 2904 liberatus
1018 2842 1071 2905 sis.

400 3036 449 3102 De
471 3037 567 3118 carate
589 3037 726 3099 minutis,

159 3161 231 3227 155.
275 3159 315 3225 D.
344 3160 394 3243 15,
424 3163 452 3241 1,
479 3161 531 3224 42.
581 3159 670 3223 Idem
699 3157 755 3243 (sc.
787 3158 959 3242 Ulpianus)
988 3158 1070 3222 libro

66 3249 253 3316 duodecimo
277 3251 317 3313 ad
341 3250 488 3314 edictum.
512 3285 553 3294 -
576 3247 614 3311 In
639 3248 865 3332 adrogatorem
884 3248 921 3311 de
945 3246 1070 3330 peculio

65 3340 227 3404 actionem
250 3338 385 3403 dandam
410 3338 540 3423 quidam
638 3340 760 3419 putant.

155 3462 303 3546 ‘quamvis
327 3467 453 3527 Sabinus
477 3470 508 3526 et
531 3465 650 3526 Cassius
679 3483 714 3523 ex
738 3469 806 3524 ante
838 3466 923 3540 gesto
955 3465 991 3522 de
1018 3483 1069 3539 pe-

66 3557 147 3616 culio
171 3556 318 3617 actionem
339 3576 399 3615 non
422 3574 485 3616 esse
509 3554 637 3620 dandam
659 3547 854 3614 existiment'.
