2422 3976
94 170 137 233 92
165 169 212 224 Ill.
229 170 303 225 GAII
316 168 463 223 CLAUDII
477 166 994 225 NERON.GALBAETEMP.1URIS
1006 170 1098 226 CONS

95 334 244 398 dominae
269 332 399 397 divortii
422 354 519 397 causa
537 353 588 395 res
607 331 773 415 amoverit,
796 331 916 396 Pedius
934 335 1098 416 putatne<

94 421 214 486 furtum
253 443 324 485 eum
359 420 478 502 facere,
517 421 665 503 quamvis
698 441 810 485 servus
842 421 877 484 in
909 420 1098 487 facinoribus

94 510 225 575 domino
244 509 331 574 dicto
350 509 481 574 audiens
502 531 655 573 essenon
674 509 798 590 debeat,
817 509 873 572 sed
892 531 1002 574 rerum
1019 531 1098 575 amo

93 602 201 662 tarum
224 597 308 663 actio
338 599 412 682 erit,
445 598 597 682 quoniam
625 597 705 661 nihil
729 597 811 662 lucri
835 599 886 662 sui
909 619 1010 664 causa
1032 619 1098 662 con·

93 690 214 752 tractet
246 708 305 750 nec
337 686 440 750 videri
471 687 593 751 furtum
620 685 753 750 facienti
781 708 876 769 opem
902 686 1003 769 ferre,
1035 707 1098 752 cnm

94 776 209 840 mulier
230 775 353 839 furtum
377 797 443 840 non
466 775 573 839 faciat.

184 889 226 947 In
238 888 289 946 Fl.
304 905 415 946 corneus
429 886 564 964 quamvis
632 887 740 945 debeat
753 887 856 961 lepttur
863 891 933 960 poss
944 890 1033 947 uerba
1044 887 1096 946 fur·

93 980 158 1036 tum
181 995 240 1036 non
262 976 362 1035 faciat.

441 1055 528 1110 Furti
545 1072 595 1110 nec
611 1056 759 1122 manifesti.

183 1158 235 1222 33.
268 1157 308 1221 D.
329 1157 384 1240 47,
404 1156 433 1238 2,
453 1156 505 1234 50,
523 1157 552 1220 2.
604 1155 765 1239 Ulpianus
798 1155 881 1221 libro
914 1155 1093 1240 trigemino

65 1308 71 1320 ,
95 1247 233 1331 septimo
258 1245 297 1309 ad
322 1244 461 1309 edictum
485 1240 536 1330 (P.
553 1241 675 1331 10412).
695 1280 737 1291 —
756 1244 920 1309 ..Pedius
945 1247 1000 1329 ait,
1023 1243 1091 1308 sicut

93 1358 189 1401 nemo
217 1335 340 1399 furtum
363 1333 442 1397 facit
466 1335 535 1398 sine
560 1333 633 1398 dolo
657 1335 757 1416 malo,
784 1335 832 1398 ita
855 1355 913 1398 nec
937 1333 1090 1399 consilium

93 1426 145 1489 vel
169 1445 263 1508 opem
287 1422 370 1486 ferre
395 1423 464 1486 sine
488 1423 563 1487 dolo
587 1422 674 1485 malo
697 1444 802 1506 posse.

392 1580 530 1634 Arborum
547 1579 646 1645 fartim
664 1595 811 1634 euasurum.

184 1681 235 1745 34.
272 1680 311 1743 D.
334 1681 387 1761 47,
412 1681 441 1758 7,
466 1681 541 1761 7pr.
597 1678 758 1763 Ulpianus
790 1678 875 1743 libro
912 1676 1091 1761 trigensimo

96 1773 210 1834 octavo
231 1768 271 1832 ad
290 1768 429 1832 edictum
449 1763 499 1853 (P.
518 1767 625 1853 1073).
639 1805 684 1816 -
698 1767 823 1831 Furtim
843 1789 955 1831 caesae
975 1767 1093 1830 arbores

95 1857 255 1938 videntur,
274 1878 355 1940 quae
373 1858 545 1940 ignorante
565 1856 694 1920 domino
715 1857 902 1940 celantique
921 1856 990 1920 eius
1009 1867 1094 1919 causa

95 1947 280 2030 caeduntur.
315 1967 374 2009 nec
393 1966 462 2008 esse
480 1945 564 2008 hanc
583 1944 661 2008 furti
676 1944 836 2009 actionem
852 1944 966 2008 scribit
980 1941 1097 2018 Pedius,

95 2057 166 2100 cum
191 2038 224 2098 et
247 2035 315 2099 sine
338 2034 424 2098 furto
448 2033 518 2096 fieri
541 2035 657 2117 possit,
682 2039 719 2096 ut
742 2033 812 2117 quis
836 2034 969 2097 arbores
993 2030 1098 2096 furtim

96 2125 219 2188 caedat.

465 2242 567 2302 Libri
589 2241 736 2300 XXV-i>

356 2350 389 2404 Si
406 2351 517 2405 tabulae
534 2351 686 2404 testamenti
704 2351 844 2404 extabant.

183 2451 235 2517 35.
262 2451 302 2515 D.
322 2452 373 2534 37,
395 2453 423 2535 1,
441 2451 470 2530 6,
489 2452 518 2515 2.
574 2450 694 2513 Paulus
723 2449 807 2514 libro
836 2448 1098 2601 quadragensimo

93 2541 200 2624 primo
225 2541 264 2604 ad
289 2501 427 2603 edictuni
452 2536 501 2623 (P.
516 2535 670 2624 577).—
634 2540 771 2602 —t'No
762 2560 790 2602 rs
812 2539 914 2620 script
916 2544 991 2602 act
977 2537 1098 2602 tabulae

94 2652 160 2693 non
188 2628 357 2695 continent
358 2651 396 2691 ur
423 2627 541 2729 edicto,
568 2626 644 2711 quia
671 2631 767 2691 notas
794 2628 920 2690 litteras
946 2648 1013 2692 non
1037 2645 1098 2691 essa

95 2718 210 2781 Pedius
234 2718 317 2781 libro
341 2717 516 2780 vicensimo
540 2717 654 2800 quinto
678 2716 719 2780 ad
743 2715 826 2779 edict
812 2719 881 2779 tum
906 2715 1028 2779 scribit.

320 2873 364 2926 De
381 2873 501 2926 uentre'
489 2889 521 2925 ra
534 2873 727 2940 possessionem
744 2877 794 2926 met
778 2872 881 2927 ttendo.

185 2975 237 3038 36.
259 2972 411 3056 D.37,9,
428 2972 499 3054 1‚.5
543 2970 704 3054 Ulpianus
727 2972 811 3035 libro
837 2973 1098 3058 quadragensimo

94 3062 200 3147 primo
229 3062 269 3126 ad
297 2975 443 3126 edidtnrnl
460 3058 509 3147 (P
527 3059 636 3145 1133).
661 3096 702 3106 -
748 3060 812 3124 .si
836 3062 895 3125 sub
920 3062 1098 3127 condicione

94 3155 264 3235 postumus
293 3151 335 3214 sit
321 3149 535 3214 ttexhereda
521 3153 588 3228 tua,
615 3108 774 3234 pendente
802 3149 990 3215 condicione
1018 3147 1098 3215 Pedii

95 3262 151 3304 sen
152 3240 288 3304 tentiam
318 3237 518 3302 admittimus
547 3237 764 3302 existimantis
788 3260 882 3321 posse
906 3238 1082 3303 ventrem
1072 3259 1098 3302 1n

94 3330 330 3412 possessionem
373 3326 460 3389 mitti
507 3327 596 3410 [quia
638 3328 696 3391 sub
739 3327 861 3391 incerto
902 3328 1019 3392 utilius
1059 3332 1098 3391 cst

93 3421 239 3482 ventrem
263 3413 330 3498 ali]

184 3527 266 3597 Quae
289 3526 406 3600 inclusi,
428 3526 553 3584 Pernice
576 3527 683 3586 merito
707 3527 840 3586 eicienda
863 3532 974 3587 censet.
