2422 3976
394 183 420 231 4.
446 177 477 232 L.
496 175 677 231 NERATIUS
696 177 843 234 PRISCUS
1052 179 1121 243 ’327

111 361 190 406 nom
212 340 312 406 litora
334 340 466 426 publica
489 361 554 404 non
573 341 619 404 ita
638 345 723 425 sunt,
746 347 783 406 ut
801 364 848 426 ea,
871 363 952 426 quae
970 342 1005 406 in
1023 345 1122 427 patri-

112 432 221 496 monio
245 433 322 495 sunt
344 429 465 513 populi,
489 429 545 494 sed
568 433 605 494 ut
629 451 676 514 eo,
699 451 779 514 quae
802 431 942 514 primum
966 453 985 494 a
1004 435 1122 497 natura

115 519 239 600 prodita
258 521 335 583 sunt
353 521 386 582 et
399 518 434 583 in
448 517 571 583 nullius
587 517 692 583 adhuc
707 517 884 583 dominium
897 526 1121 602 pervenerunt.

117 624 170 673 nec
201 607 368 672 dissimilis
401 606 546 672 condicio
580 628 691 672 eorum
719 610 769 671 est
796 610 893 691 atque
921 609 1058 691 piscium
1088 615 1121 674 et

120 692 260 780 ferarum,
279 717 362 780 quoe
377 695 584 780 simulatque
599 695 817 779 adprehensae
832 702 915 778 sunt,
935 696 1005 761 sine
1020 697 1118 764 dubio

124 783 191 867 eius,
216 786 252 850 in
279 785 369 849 cuius
392 787 588 867 potestatem
610 788 839 868 pervenerunt,
869 783 1003 849 dominii
1026 785 1118 851 fiunt.

197 874 248 940 45.
272 873 352 939 Ibid.
367 875 387 953 ἓ
403 874 434 938 1.
451 908 495 919 -
512 870 600 937 Illud
619 871 788 937 videndum
809 876 868 956 est,
887 874 1015 939 sublato
1036 875 1119 939 aedi·

127 958 192 1046 ficio,
213 962 298 1047 quod
321 961 357 1026 in
380 961 476 1027 litore
498 962 641 1046 positum
660 965 739 1046 erat,
762 962 851 1026 cuius
871 961 1070 1027 condicionis
1090 964 1119 1028 is

75 1068 77 1089 ¹
127 1045 197 1116 locus
220 1053 272 1135 sit,
299 1050 362 1115 hoe
385 1054 435 1115 est
457 1053 566 1114 utrum
590 1053 719 1115 maneat
743 1050 810 1114 eius
834 1052 924 1115 cuius
948 1051 1010 1115 fuit
1033 1051 1118 1116 aedi·

127 1133 228 1222 ficium,
256 1162 298 1204 an
325 1160 435 1203 rursus
464 1139 499 1203 in
526 1138 699 1222 pristinam
727 1161 858 1204 causam
885 1139 1019 1205 reccidit
1048 1163 1119 1224 per·

128 1221 243 1313 indeque
261 1228 410 1314 publicus
429 1227 481 1311 sit,
504 1248 542 1294 ac
561 1227 588 1291 si
607 1249 785 1312 numquam
803 1229 837 1292 iu
856 1251 893 1293 eo
913 1229 1118 1294 aedificatum

128 1307 231 1384 fnisset.
281 1316 366 1403 quod
398 1314 532 1400 propius
561 1319 623 1400 est,
661 1319 698 1380 ut
725 1317 902 1381 existimari
931 1316 1046 1382 debeat
1075 1317 1118 1403 [si

128 1404 203 1470 nodo
225 1405 343 1490 recipit
365 1403 538 1490 pristinam
560 1404 664 1470 litoris
689 1405 850 1489 speciem].

195 1498 368 1561 Tritoniani
390 1498 481 1558 verba
504 1499 628 1558 Pernice
652 1498 855 1575 deprehendit.

481 1634 530 1700 Dc
552 1636 743 1718 usucapione.

75 1786 77 1793 ·
194 1743 245 1809 46.
269 1742 308 1807 D.
323 1744 376 1826 41,
393 1743 443 1825 10,
457 1741 487 1807 5.
531 1739 686 1806 Neratius
709 1741 793 1807 libro
817 1741 928 1826 quinto
952 1742 1114 1808 Membra-

75 1858 79 1909 ³.
124 1841 228 1897 narum.
250 1867 295 1878 —-
316 1829 482 1915 Usueapio
505 1852 623 1909 rernm,
646 1831 746 1895 etiam
764 1852 802 1894 ex
822 1831 893 1895 aliis
913 1833 1018 1897 causis
1038 1854 1111 1897 con-

123 1931 194 1985 cessa
215 1916 405 2002 interduml,
427 1923 559 2004 propter
583 1941 629 2000 ea,
652 1941 734 2004 quae
752 1924 867 1984 nostra
886 1921 1110 1986 existimantes

120 2009 354 2091 possideremus,
386 2009 562 2074 constituta
592 2012 655 2093 est,
686 2011 723 2072 ut
755 2008 873 2093 aliquis
900 2008 1006 2072 litium
1034 2009 1110 2073 finis

120 2102 197 2165 esset.
238 2097 294 2162 sed
317 2098 359 2182 id,
382 2097 465 2181 quod
489 2097 571 2181 quis,
594 2118 667 2162 eum
690 2119 783 2162 suum
806 2119 877 2161 esse
901 2098 1111 2179 existimaret,

117 2187 295 2268 possederit,
321 2187 500 2270 usucapiet,
528 2186 656 2251 etiamsi
683 2186 767 2251 falsa
789 2185 887 2250 fuerit
911 2187 978 2249 eius
1002 2186 1112 2250 existi-

115 2275 211 2341 matio.
252 2275 337 2360 quod
360 2279 471 2339 tamen
493 2276 540 2339 ita
562 2275 836 2359 interpretandum
858 2278 915 2355 est,
938 2279 976 2338 ut
993 2275 1109 2357 proba·

98 2356 178 2430 ‚bilis
205 2385 295 2429 error
322 2363 518 2448 possidentis
546 2364 736 2447 usucapioni
763 2386 829 2427 non
857 2363 977 2440 obstet,
1010 2362 1112 2427 veluti

112 2451 133 2515 si
158 2454 199 2518 ob
227 2453 260 2517 id
289 2452 411 2536 aliquid
438 2451 634 2536 possideam,
661 2452 746 2537 quod
773 2474 900 2516 servum
925 2473 1030 2515 meum
1057 2458 1113 2517 aut

110 2541 182 2625 eius,
211 2542 302 2606 cuius
325 2541 360 2605 in
383 2542 490 2605 locum
512 2541 705 2605 hereditario
730 2541 798 2605 iure
822 2540 970 2621 successi,
994 2541 1112 2605 emisse

107 2627 134 2695 id
164 2633 248 2696 falso
281 2630 476 2709 existimem,
514 2630 588 2714 quia
619 2631 652 2694 in
686 2629 781 2693 alieni
814 2630 891 2694 facti
923 2630 1111 2714 ignorantia

105 2720 280 2786 tolerabilis
305 2740 394 2784 error
417 2723 476 2782 est.

186 2813 311 2872 Pernice
328 2805 382 2889 11²,
403 2814 466 2872 396
486 2833 514 2872 n.
530 2815 563 2872 5:
587 2805 660 2871 ‘Der
679 2816 757 2871 erste
773 2811 842 2870 Satn
860 2811 901 2871 ist
920 2813 1025 2888 gewiss
1043 2832 1111 2872 ver·

102 2903 246 2962 unstaltet
265 2919 398 2961 ...was
421 2901 631 2977 ursprdnglich
656 2901 694 2959 da
717 2901 818 2978 stand,
845 2901 917 2959 laist
940 2901 1004 2960 sich
1026 2903 1110 2961 nicht

100 2990 265 3051 ieststellen
358 2991 416 3048 mir
439 2990 554 3049 scheint
577 2991 629 3048 das
654 2988 751 3048 (tanne
775 2989 822 3048 fur
843 2990 890 3048 die
914 2990 1109 3049 Membranen

98 3099 132 3138 zu
154 3079 318 3158 allgemein
341 3079 403 3138 und
426 3099 461 3137 nu
484 3073 636 3138 lehrhaft'.

465 3214 514 3280 De
536 3216 616 3280 iuris
637 3234 746 3280 errore.

184 3323 238 3387 47.
266 3321 305 3388 D.
325 3323 379 3406 22,
397 3322 428 3407 6,
447 3323 476 3387 2.
522 3321 676 3388 Neratius
704 3322 786 3387 libro
810 3321 924 3406 quinto
949 3319 1109 3383 Membra-

95 3432 222 3476 narum.
251 3447 293 3458 -
321 3410 360 3476 In
393 3411 482 3476 omni
509 3416 602 3495 parte
630 3432 718 3476 error
745 3411 780 3474 in
807 3411 875 3474 iure
903 3430 968 3474 non
996 3407 1109 3471 eodem

168 3556 183 3603 1
206 3549 253 3607 Fr.
272 3549 394 3605 interim.
