2422 3976
394 191 419 242 t.
441 186 652 242 IAVOLENUS
669 186 819 245 Pslscos
1044 190 1111 256 405

186 353 326 416 Iauoleni
361 354 540 415 seutentiam
577 373 595 414 a
627 354 808 417 Triboniano
840 361 1014 434 corruptam
1045 378 1110 420 esso

95 445 247 523 illumque
270 443 308 503 de
329 442 368 504 iis
391 442 500 504 dixisse
520 444 573 520 qui
591 445 772 505 testamenta
789 446 887 506 facere
905 448 1110 526 prohibentur,

96 533 226 595 Pernice
249 533 357 593 merito
380 532 496 593 conicit.

309 710 357 770 De
372 711 512 785 plumbus
533 711 684 772 tuentibus
705 714 899 773 destituendis.

191 821 222 886 3.
246 820 286 886 D.
295 821 353 909 28,
369 820 398 904 l,
412 820 464 886 25.
505 818 675 885 Iavolenus
697 822 779 887 libro
799 822 911 906 quinto
930 819 1111 910 (iprimot)

100 908 322 995 posteriorum
340 908 510 974 Labeonis.
525 945 567 956 -
583 908 621 976 Si
638 911 674 992 is,
692 912 747 993 qui
768 916 978 976 testamcutum
989 913 1112 997 faceret,

98 998 260 1065 modeim
279 998 397 1081 mimis
422 1000 620 1083 nuncupatis,
635 1000 823 1082 priusquam
844 1002 989 1065 seeuudos
1012 1002 1112 1084 expri-

98 1092 196 1154 meret
216 1087 350 1165 heredes,
372 1087 575 1168 obmutuisset,
597 1089 696 1170 mapis
717 1091 846 1171 coepisse
867 1110 936 1154 eum
954 1093 1112 1155 testamcu-

99 1181 166 1242 tem
190 1176 294 1257 farere
319 1197 414 1258 quam
433 1177 538 1257 fecisse
566 1175 668 1242 Varus
689 1176 885 1259 Dipestorum
912 1178 989 1243 tibro
1005 1179 1113 1260 primo

100 1264 247 1331 Sutrium
273 1266 461 1348 respoudisse
487 1267 626 1348 scripsit5
658 1266 761 1348 itaque
783 1269 906 1348 primos
931 1266 1051 1332 heredes
1077 1288 1113 1332 eu

100 1375 134 1420 eo
161 1358 338 1421 testamento
364 1375 426 1418 mou
451 1354 581 1433 futuros.
626 1354 728 1419 Labeo
757 1360 821 1419 tum
849 1355 903 1421 dac
924 1376 1030 1421 uerum
1051 1376 1114 1422 esse

103 1444 272 1525 mmor,
293 1445 321 1508 si
343 1447 495 1508 coustaret
514 1443 645 1508 uetuisse
664 1444 769 1524 plures
786 1465 864 1529 eum,
886 1445 941 1526 qui
958 1449 1114 1509 testamen-

100 1536 168 1597 tum
190 1531 318 1614 fecisset,
340 1531 460 1597 heredes
477 1534 689 1614 prouuutiare.
730 1553 781 1615 epo
803 1554 856 1598 uec
879 1533 1020 1598 Seruatum
1037 1537 1113 1616 puto

101 1621 194 1688 atiud
212 1622 347 1686 sensisse.

190 1709 236 1774 4?
268 1708 308 1775 D.
326 1710 379 1792 28,
398 1709 430 1793 5,
448 1708 500 1791 17,
519 1709 547 1774 5.
599 1707 756 1793 Ulpianus
788 1711 872 1776 libro
905 1711 1044 1794 septimo
1072 1711 1114 1775 ad

102 1796 270 1865 Sabinum.
299 1834 337 1845 —
369 1797 462 1874 Quod
495 1798 523 1862 si
555 1797 627 1883 quis
659 1799 858 1883 dupondium
888 1800 1055 1865 distribuit
1082 1803 1114 1864 et

100 1886 236 1952 tertium
264 1885 332 1951 siue
356 1891 448 1970 parta
472 1887 627 1965 instituit,
653 1887 707 1952 hic
730 1890 853 1952 nonin
878 1890 976 1953 alium
999 1911 1113 1970 assem,

102 1975 160 2041 ssd
187 1971 240 2039 in¹
263 1976 416 2040 trientem
438 1977 539 2057 venit,
567 1980 604 2041 ut
626 1975 733 2041 Labeo
757 1982 873 2060 quarto
896 1978 1115 2060 posteriorum

102 2063 249 2150 scripsit,
290 2085 348 2129 nec
381 2064 493 2129 Aristo
526 2064 577 2128 vel
609 2063 713 2129 Aulus
746 2061 969 2152 (Iavolenust)
1002 2071 1113 2149 utpote

101 2152 273 2238 probabile
296 2156 422 2218 notant.

449 2266 497 2324 De
518 2267 774 2327 substitutionibus.

193 2365 224 2431 5.
254 2364 294 2430 D.
306 2366 361 2445 28,
375 2366 405 2448 6,
420 2367 449 2432 9.
490 2366 598 2431 Labeo
622 2367 706 2433 libro
729 2368 834 2451 primo
858 2367 1072 2450 posteriorum
1095 2389 1115 2430 a

101 2453 257 2520 Iauoleno
273 2454 534 2538 epitomatorem.
549 2493 591 2502 —
605 2455 643 2521 Si
651 2461 742 2538 pater
755 2457 821 2540 sitio
834 2455 987 2538 impuberi
999 2457 1115 2520 eosdem

102 2563 179 2627 pros
197 2544 258 2609 sibi
274 2548 303 2608 et
320 2549 348 2608 te
364 2565 462 2609 uuum
473 2551 637 2627 praeterea
654 2544 790 2609 heredem
807 2546 949 2622 instituit,
968 2545 1115 2608 tomorum

100 2633 165 2717 fitia·
193 2637 220 2696 te
246 2632 424 2718 dimidium,
450 2638 559 2699 eeteros
580 2637 685 2715 patris
706 2633 827 2698 heredes
849 2634 1048 2698 eommuuiter
1069 2633 1115 2698 di

102 2722 237 2787 medium
255 2721 301 2786 ita
318 2721 435 2804 haeae,
451 2727 488 2786 ut
501 2742 583 2787 uuus
597 2723 688 2787 semis
700 2724 786 2806 apud
798 2726 825 2786 te
838 2725 970 2805 moueat,
988 2722 1116 2787 atterius

101 2811 241 2876 semissis
262 2830 322 2893 pro
349 2810 398 2875 tis
419 2811 564 2893 partubus
590 2812 670 2876 iuter
696 2811 815 2875 burdes
837 2815 985 2893 paternos
1006 2811 1115 2876 divisio

100 2901 175 2985 fiat,
201 2899 311 2981 quibus
337 2919 374 2964 eu
393 2900 539 2982 partibus
565 2900 760 2965 hereditatem
777 2905 943 2982 pateruam
964 2899 1115 2965 habereut.

196 2988 226 3053 6.
262 2987 302 3053 D.
326 2989 378 3066 28,
402 2989 432 3069 6,
455 2988 497 3053 39
520 3011 566 3072 pr.
619 2988 788 3053 Iavolenus
821 2987 905 3053 libro
938 2989 1043 3072 primo
1075 3009 1115 3051 ex

103 3076 341 3162 posterioribus
364 3075 533 3141 Labeonis.
558 3114 596 3124 —
623 3076 700 3143 Oum
728 3097 765 3141 eu
788 3077 853 3160 pitia
876 3078 945 3159 quis
967 3080 1043 3142 duos
1064 3097 1115 3140 ue-

95 3170 187 3251 potes
209 3166 377 3246 impuberes
399 3165 533 3244 babebat,
555 3169 608 3232 sed
629 3171 760 3231 atterum
782 3187 885 3230 eorum
908 3167 943 3230 iu
959 3169 1115 3249 potestate,

102 3256 239 3321 atterum
255 3274 327 3334 uou,
345 3258 374 3318 et
389 3255 475 3319 aettet
486 3259 648 3338 utrumque
661 3276 698 3320 eae
710 3257 816 3336 umeris
822 3255 968 3338 partebus
980 3254 1115 3318 heredem

101 3343 215 3411 dudem
236 3347 272 3421 et,
296 3343 326 3407 si
347 3344 416 3424 quis
438 3364 475 3408 eu
497 3344 545 3409 tu's
567 3345 702 3426 impubes
724 3345 899 3426 decessisset,
921 3344 964 3407 ad
984 3343 1116 3408 atterum

177 3497 193 3545 1
217 3490 373 3544 Mommsen
396 3490 539 3546 emendat:
564 3491 622 3546 ‘hic
644 3492 674 3546 in
698 3491 784 3547 alium
807 3509 909 3559 assem,
933 3488 1041 3546 scilicet
1062 3489 1117 3556 in’,

104 3562 182 3634 quod
200 3560 235 3632 ΙΙ,
252 3568 266 3616 1
280 3580 308 3632 p.
324 3566 374 3616 183
392 3562 620 3631 praetermissum
639 3566 690 3620 est.
