2422 3976
351 190 376 237 4.
396 182 424 238 0.
440 182 587 240 cnssws
605 183 790 240 LONGINUS
1037 188 1078 254 51

63 348 200 500 collprtia
232 351 266 411 et
297 347 473 431 emplastra
501 352 534 412 et
561 352 668 412 cetera
695 349 762 412 cius
791 349 918 433 generis
947 348 1079 416 Cassius

63 458 123 501 scm
147 458 184 500 1.

151 549 189 607 cf.
212 546 289 606 Plin.
313 565 342 605 n.
366 547 393 605 h.
416 548 550 620 34,108
583 547 643 606 iam
676 591 708 605 ..
742 549 821 608 facta
853 551 1015 626 emplastra
1047 554 1078 611 et

61 637 189 713 collyria
206 639 383 694 mercantur.
414 635 499 695 Paul.
516 636 543 694 S.
558 635 612 709 ΙΠ,
628 638 656 713 6,
671 639 721 695 62.
754 637 955 699 Instrumento
970 639 1077 700 medici

60 727 165 802 legato
189 723 317 800 collyria
339 726 370 782 ct
393 725 556 800 emplastra
578 727 609 783 et
627 728 790 800 apparatus
809 727 903 786 omnis
922 728 1076 788 conficien-

61 815 169 874 dorum
187 812 483 891 medicamentorum,
501 812 632 888 itemque
646 814 827 873 ferramenta
840 814 940 891 legato
959 817 1077 877 cedunt.

424 989 471 1049 De
487 992 602 1064 peculio
624 993 723 1064 tepula.

150 1109 206 1174 59.
243 1106 357 1191 1140,
382 1108 486 1191 7,28,
511 1109 539 1173 1.
593 1108 764 1174 Iavolenus
798 1109 881 1175 libro
914 1115 1004 1175 sexto
1038 1132 1076 1175 cx

61 1197 177 1263 Cassio
201 1196 251 1281 (P.
263 1194 330 1283 22).
349 1233 393 1244 —
412 1194 597 1281 Statuliber,
620 1202 793 1283 antequam
817 1198 960 1263 condicio
984 1200 1078 1264 liber·

60 1287 140 1352 tatis
160 1289 329 1371 optigerrt,
350 1286 721 1371 s1qu1dcomparasset,
740 1287 863 1371 peculio
882 1288 990 1372 legato
1010 1309 1077 1352 non

60 1397 227 1440 cessurum
255 1375 289 1438 in
317 1373 410 1439 libris
439 1373 512 1438 Gaii
539 1372 645 1439 Cassii
673 1373 831 1458 scriptum
858 1381 921 1460 est,
950 1377 1014 1441 nisi
1043 1377 1075 1440 id

59 1465 208 1550 legatum
232 1463 267 1527 in
288 1466 416 1547 tempus
439 1462 600 1527 libertatis
624 1463 777 1528 collatum
801 1469 895 1530 esset.

408 1639 459 1705 De
479 1641 730 1722 fideicommissis.

154 1755 208 1821 60.
227 1753 461 1839 D.35‚1‚43pr.
498 1755 616 1820 Paulus
630 1757 715 1820 libro
730 1758 844 1820 octavo
860 1756 898 1820 ad
912 1756 1075 1823 Plautium

62 1842 113 1931 (P.
135 1840 250 1930 1156).
276 1879 319 1890 -
346 1843 492 1908 Plautius
511 1891 519 1908 .
538 1844 686 1929 Rogatus
717 1848 766 1909 est
793 1844 884 1908 heres
912 1867 932 1910 a
958 1846 1073 1912 liberto

61 1938 234 2012 testatore,
262 1937 299 1996 ut
326 1932 486 2017 perceptis
514 1932 578 1997 sibi
604 1933 713 1998 decem
737 1936 839 1998 totam
866 1933 1075 1999 hereditatem

62 2021 268 2104 revenderet3
285 2025 398 2106 postea
417 2026 573 2105 patronus
593 2021 735 2087 defuncti
750 2022 908 2086 bonorum
921 2024 1076 2105 posscssi-

63 2132 158 2175 onem
191 2114 304 2174 contra
336 2110 464 2174 tabulas
496 2111 642 2192 petierat
668 2114 700 2174 et
726 2114 851 2193 partem
878 2109 1074 2196 hereditatis,

60 2221 141 2284 quae
179 2197 369 2282 debebatur,
401 2199 589 2262 abstulerat.
638 2198 792 2263 Proculus
823 2195 954 2263 Cassius
986 2200 1074 2264 fidei-

60 2288 323 2352 commissariam
353 2308 412 2371 pro
444 2290 516 2351 rata
549 2287 634 2370 quod
662 2288 760 2351 solvit
787 2293 931 2370 repetere
959 2288 1072 2351 debere

58 2378 159 2441 aiunt.

147 2465 202 2529 61.
233 2462 271 2527 Ι).
285 2462 338 2546 35,
352 2464 383 2547 2,
397 2464 448 2528 31.
484 2462 682 2547 Pomponius
705 2463 789 2527 libro
815 2462 953 2527 secundo
972 2462 1073 2527 Fidei·

59 2554 307 2619 commissorum
344 2550 393 2638 (P.
417 2549 507 2637 215).
540 2589 585 2599 —
617 2601 655 2618 ..
694 2552 867 2616 secundum
899 2549 1003 2616 Cassii
1041 2556 1073 2615 et

59 2647 205 2706 veterum
221 2641 414 2725 opinionem,
429 2641 458 2704 si
473 2663 492 2704 a
501 2641 624 2725 pupillo
636 2639 883 2706 fideicommissa
892 2639 1072 2723 capiuntur,

57 2735 192 2815 propter
217 2751 263 2811 ea,
287 2751 368 2812 quae
392 2751 411 2792 a
435 2729 613 2794 substituto
633 2732 727 2793 erunt
745 2728 866 2809 relicta,
890 2750 1000 2793 cavere
1020 2728 1071 2793 de-

58 2820 148 2884 bebit
166 2819 196 2883 is
215 2817 267 2883 cui
285 2818 437 2881 solvatur.
473 2839 549 2881 nam
569 2817 715 2902 quamvis
730 2817 879 2901 repetitio
895 2817 938 2881 sit
952 2838 1071 2901 eorum,

57 2929 138 2992 quae
158 2905 402 2972 fideicommissi
419 2907 550 2970 nomine
567 2927 632 2971 non
649 2905 757 2970 debita
772 2907 944 2989 solventur,
962 2911 1072 2971 tamen

57 2997 217 3062 satisdato
246 2998 376 3060 cautum
403 2994 497 3058 debet
525 3016 594 3059 esse
622 2995 664 3075 ei,
698 3017 717 3058 a
745 3016 808 3080 quo
835 2995 970 3078 pecunia
997 3017 1070 3078 pro·

56 3085 271 3167 ficisccretur,
298 3105 339 3147 ne
363 3083 514 3148 damnum
539 3083 658 3148 sentiat
680 3082 845 3148 deficiente
869 3105 920 3166 eo,
946 3083 996 3148 cui
1020 3105 1070 3148 so-

55 3174 160 3240 lutum
185 3173 257 3237 erit.

180 3331 231 3397 De
254 3330 389 3395 lebertutc
410 3331 517 3395 relicto
538 3332 623 3396 etde
644 3331 946 3397 manumissionibus

144 3449 198 3515 62.
221 3446 260 3511 D.
271 3446 324 3524 40,
335 3446 404 3529 7,2‚
416 3446 444 3509 1.
487 3444 646 3530 Ulpianus
668 3442 753 3511 libro
777 3451 891 3530 quarto
916 3444 956 3509 ad
979 3441 1068 3507 Sabi·

54 3560 131 3604 num
162 3536 214 3623 (P.
234 3531 361 3620 2455·).
391 3571 429 3580 —
460 3584 489 3602 ..
522 3534 549 3599 si
581 3535 756 3620 impuberis
789 3533 909 3599 tabulis
936 3532 1068 3597 libertas

824 3634 857 3692 4*
