2422 3976
394 190 420 241 t.
441 183 651 240 IAVOLENUS
668 183 817 241 Palscos
1044 187 1112 253 439

93 353 217 433 giosam'
230 370 251 412 a
264 370 324 413 non
341 351 514 427 possidente
530 354 723 429 comparavit,
740 347 879 429 ‘poenam
894 355 1112 432 quinquaginta

93 441 306 503 sestertiorum
323 439 393 501 tisoo
411 435 659 519 repraesentare',
681 442 732 519 qui
750 441 917 502 aedificium
936 445 1112 521 negotiandi

92 549 188 592 oausa
219 529 306 606 emit,
338 530 374 588 ut
405 529 549 590 diruendo
581 532 649 606 plns
683 531 855 608 adquireret
888 551 979 609 quam
1006 534 1112 609 quanti

93 621 232 697 emisset,
259 612 394 694 ‘duplam
420 619 590 695 pecuniam,
620 637 680 696 qua
706 623 855 680 mercatus
880 639 946 681 eam
969 641 1033 681 rem
1055 625 1111 699 est,

93 709 126 769 in
147 707 299 769 mnrium
324 706 435 767 inferre
459 703 597 784 oogitur’.

184 795 326 856 Ceterum
347 795 482 857 Iauoleni
510 796 602 856 verba
629 815 647 855 a
670 796 843 857 Triboniani
871 797 1007 858 adiutore
1030 801 1110 860 male

95 886 127 946 in
147 885 241 946 breve
263 887 367 945 ooaota
390 904 455 945 esse
478 889 614 961 apparet.

361 1114 414 1174 IV.
446 1115 496 1174 Ex
519 1114 644 1176 Cassio
668 1115 757 1176 libri
779 1116 843 1176 XV.

182 1239 320 1301 Iauoleni
354 1233 408 1298 ‘ex
440 1233 559 1299 Cassio’
597 1239 743 1300 librorum
774 1240 918 1299 memoria
950 1243 981 1300 et
1013 1241 1110 1301 indice

93 1330 227 1391 Floreat
261 1331 292 1388 et
320 1328 498 1406 fragmentis
528 1328 559 1386 in
586 1328 746 1388 Iustiniani
773 1328 908 1404 Digestis
937 1331 1110 1390 extantibus

93 1419 242 1481 servatur.
282 1417 337 1477 hos
359 1417 462 1493 libros,
489 1436 564 1492 quos
588 1436 624 1476 ex
647 1415 743 1476 Cassii
765 1417 839 1475 iuris
863 1417 958 1478 oivilis
981 1418 1068 1478 libris
1092 1437 1111 1477 a

93 1507 236 1568 Iauoleno
261 1506 358 1565 laotos
381 1524 446 1566 esse
470 1506 543 1565 satis
568 1509 706 1583 apparet,
734 1509 769 1564 ut
791 1505 973 1582 Pomponius
997 1506 1110 1566 Paulus

93 1596 242 1674 Ulpianus
266 1594 497 1654 commentarios
521 1613 595 1672 quos
619 1595 656 1653 ad
676 1593 780 1654 Sabini
802 1594 877 1653 iuris
901 1595 997 1656 civilis
1016 1596 1109 1656 libros

93 1685 341 1761 oomposuerunt,
369 1682 543 1758 simpliciter
572 1678 622 1742 ‘ad
646 1678 800 1743 Sabinum’
829 1683 922 1743 libros
950 1685 1109 1760 inscripse-

93 1776 176 1851 runt,
200 1772 245 1832 ita
267 1773 426 1832 Iavolenus
449 1791 503 1847 pro
527 1772 613 1831 libris
637 1792 672 1831 ex
696 1771 792 1832 Cassii
814 1772 888 1832 iuris
907 1773 1004 1834 civilis
1023 1773 1110 1834 libris

94 1863 180 1923 antis
205 1861 337 1922 breviter
359 1852 408 1920 ‘ex
431 1855 545 1920 Oassio'
568 1860 661 1921 libros
684 1861 857 1921 nominavit,
899 1862 988 1921 affert
1006 1865 1109 1923 autem

92 1969 308 2026 nonnunquam
335 1949 446 2009 diserte
474 1950 554 2026 quod
581 1944 624 2009 ‘in
647 1951 867 2010 commentariis
891 1945 970 2009 Gaii’
994 1952 1043 2011 vel
1067 1945 1110 2010 ‘in

95 2040 181 2101 libris
202 2032 281 2099 Gaii’
304 2039 353 2098 vel
376 2033 420 2097 ‘in
442 2039 527 2097 libris
547 2038 615 2098 Gaii
634 2033 740 2098 Cassii'
760 2039 906 2114 seriptum
925 2040 972 2098 est
991 2034 1041 2117 (D.
1057 2041 1109 2116 35,

97 2130 124 2207 1,
138 2130 191 2190 54.
215 2130 267 2202 40,
285 2129 311 2200 7,
328 2129 378 2200 28,
395 2130 422 2186 1.
447 2129 499 2203 46,
515 2129 543 2203 3,
561 2118 626 2208 78).
668 2131 736 2202 post
759 2128 851 2186 libros
874 2127 911 2186 de
933 2129 998 2186 iure
1019 2128 1108 2204 oivili,

96 2217 126 2278 id
149 2216 230 2295 quod
252 2216 347 2275 Lenel
370 2216 491 2287 conicit,
515 2218 682 2294 singulares
706 2234 824 2292 quoque
843 2214 940 2275 Cassii
962 2216 1054 2275 libros
1077 2217 1109 2275 in

94 2306 168 2369 tuno
191 2305 353 2381 epitomem
377 2323 442 2364 esse
465 2304 601 2364 redactos
624 2324 684 2364 non
706 2306 788 2380 puto.

94 2414 97 2421 ’
180 2394 230 2454 Ex
243 2393 391 2469 epitomae
406 2394 584 2468 fragmentis
598 2413 674 2470 qnae
690 2394 763 2452 satis
776 2394 882 2465 multa,
901 2394 952 2452 sed
965 2393 1108 2468 pleraque

93 2482 272 2545 'brevissima
294 2486 415 2542 servata
438 2485 517 2556 sunt,
541 2483 577 2541 de
600 2483 746 2542 librorum
763 2481 862 2540 indole
881 2501 988 2556 parum
1006 2481 1108 2559 oolligi

94 2575 205 2649 potest3
238 2570 315 2630 illud
345 2589 438 2630 unum
471 2577 609 2648 apparet,
641 2571 816 2630 Iauolenum
845 2589 905 2629 non
933 2570 1031 2629 solum
1058 2589 1107 2629 ex·

97 2661 240 2738 serpsisse
263 2658 362 2719 Cassii
389 2660 496 2736 libros,
524 2660 577 2719 sed
605 2678 674 2719 snas
702 2677 819 2735 quoque
843 2662 930 2718 notas
953 2659 1105 2718 adiecisse.

92 2753 127 2811 et
146 2769 217 2812 oum
235 2749 370 2809 lavoleni
390 2749 481 2808 verba
499 2767 518 2807 a
537 2748 716 2809 Triboniano
734 2766 794 2806 non
813 2766 881 2806 raro
900 2750 1018 2807 mutata
1037 2748 1106 2827 sint,

95 2836 192 2900 (lossii
214 2857 233 2898 a
254 2837 390 2898 Iauoleni
413 2838 569 2897 sententiis
594 2833 643 2898 vix
665 2837 868 2895 dinoscuntur.

180 2927 241 2986 Res
269 2926 306 2986 de
333 2926 441 3004 quibus
467 2944 564 2985 sermo
588 2927 648 3003 est,
675 2927 737 2984 fere
761 2943 862 2984 omnes
886 2925 924 2983 ad
947 2925 995 2984 ius
1018 2925 1106 2986 civile

93 3019 238 3094 spectant
277 3015 316 3074 ad
338 3015 385 3074 ius
408 3012 591 3091 praetorium
610 3015 663 3073 illa
681 3015 799 3072 tantum
813 3013 973 3089 pertinent,
997 3015 1106 3090 quibus

93 3102 129 3164 de
151 3103 271 3182 peculio
294 3103 384 3162 etde
407 3104 440 3161 in
462 3122 524 3163 rem
548 3122 634 3164 verso
658 3103 768 3180 agitur.

180 3193 295 3252 Rerum
317 3193 389 3252 ordo
412 3211 431 3251 a
452 3192 593 3255 Iavoleno
618 3182 750 3251 statutus
774 3191 963 3267 aliquatenus
984 3190 1107 3265 quidem

87 3281 295 3359 eognosoitur:
332 3281 409 3341 libro
442 3281 521 3340 eninr
548 3281 563 3338 Ι
595 3282 632 3339 de
665 3280 866 3357 testamentis,
899 3279 976 3337 libro
1004 3278 1036 3335 H
1067 3278 1105 3338 de

88 3368 210 3448 'legatia
227 3370 306 3428 libro
320 3369 365 3428 IV
383 3369 420 3429 de
438 3369 568 3442 dotibus,
586 3369 663 3428 libro
677 3367 706 3425 V
720 3369 757 3428 de
770 3369 885 3444 tutelis,
903 3367 979 3425 libro
994 3366 1053 3424 Vll
1068 3367 1104 3426 de

93 3459 243 3536 emptione
262 3458 442 3535 venditione,
466 3458 543 3517 libro
561 3458 588 3517 X
610 3458 646 3516 de
666 3456 871 3530 servitutibus,
893 3454 970 3514 libro
989 3454 1049 3514 XII
1068 3456 1104 3514 de

92 3547 208 3624 peculio
240 3549 272 3607 et
304 3546 403 3606 dein
434 3565 499 3606 rem
525 3565 625 3625 verso,
657 3545 733 3605 libro
760 3545 836 3604 ΧΙΠ
865 3545 902 3603 de
928 3544 1120 3617 interdiutis,
