2422 3976
476 157 502 206 3.
521 148 735 206 OCTAVENUS
1045 152 1109 216 217

354 336 357 341 “
469 330 519 396 De
540 331 744 398 servitutibus.

194 437 241 503 22.
269 437 309 502 Ι).
326 437 355 517 8,
371 438 400 516 6,
415 437 444 500 2.
485 435 604 502 Paulus
627 437 711 502 libro
740 438 914 503 vicensimo
942 439 1047 521 primo
1071 439 1111 503 ad

128 519 241 590 edietum
273 522 436 613 (Pasa).
471 561 509 571 -
544 525 606 601 Qui
641 526 704 590 iter
736 529 768 590 et
800 530 907 592 actum
939 527 1052 611 habet,
1084 528 1112 592 si

127 607 240 678 tiano
261 617 390 679 tantum
413 615 500 692 ierit,
524 635 590 679 non
613 615 735 698 perisse
758 616 880 696 aetum,
902 615 958 678 sed
981 639 1112 682 manere

128 693 238 767 Sabinus
258 701 391 768 Cassius
410 701 592 768 Octauenus
616 703 722 787 aiunt,
745 725 820 767 nam
842 703 889 767 ire
910 724 1037 789 quoque
1055 727 1112 788 per

72 836 79 853 .
128 804 232 856 seeum
254 812 351 876 posse
374 792 429 875 qui
453 794 559 856 aetum
582 791 726 857 haberet.

380 995 410 1051 2.
441 992 493 1051 Ad
516 992 572 1050 ius
595 991 835 1051 honorarium.

449 1109 500 1175 De
521 1111 590 1175 otbo
612 1115 762 1193 eorrupto.

194 1217 241 1283 23.
273 1216 313 1283 D.
333 1218 363 1301 2,
385 1220 412 1296 1,
431 1217 460 1281 9.
510 1216 629 1282 Paulus
661 1218 746 1281 libro
776 1217 874 1281 tertio
903 1217 944 1281 ad
972 1216 1113 1282 edictum

125 1291 163 1383 (P.
175 1304 255 1392 108).
274 1343 315 1352 -
336 1304 371 1370 si
392 1305 520 1369 familia
543 1306 679 1370 alieuius
702 1306 813 1370 album
837 1305 1026 1390 corruperit,
1047 1327 1114 1370 non

124 1387 251 1459 similiter
272 1395 327 1459 hio
351 1393 486 1458 edicitur
509 1397 546 1457 ut
568 1395 602 1459 in
623 1394 722 1477 furto,
745 1415 786 1457 ne
809 1394 843 1458 in
865 1394 1008 1479 reliquos
1028 1395 1113 1459 aetio

123 1472 203 1564 detur,
225 1483 253 1547 si
275 1487 404 1547 tantum
425 1483 582 1565 dominus,
606 1504 679 1547 eum
698 1483 865 1547 defendere
884 1483 996 1566 voluit,
1018 1484 1113 1547 unius

120 1569 228 1635 nomine
251 1571 461 1655 praestiterit,
484 1576 639 1655 quantum
657 1571 741 1635 liber
758 1575 939 1656 praestaret
1019 1570 1113 1637 Oeta-

119 1675 200 1722 venus
222 1659 277 1725 hic
300 1681 427 1744 quoque
450 1660 579 1724 domino
603 1661 854 1724 succurrendum
878 1662 934 1725 ait.

189 1769 301 1830 Paulus
333 1770 430 1829 addit:
463 1765 526 1830 ‘sed
559 1772 615 1830 hoe
647 1774 749 1846 potest
780 1772 852 1849 diei,
885 1773 910 1830 si
937 1773 1006 1833 dolo
1033 1773 1113 1832 malo

114 1859 283 1935 curaverint,
313 1864 350 1918 ut
376 1858 413 1917 ab
441 1860 500 1918 alio
529 1858 631 1919 album
659 1864 915 1939 corrumperetur,
944 1862 1016 1937 quia
1042 1865 1114 1921 tune

110 1963 191 2004 uuum
219 1948 377 2007 eonsilium
404 1948 457 2026 sit,
484 1967 545 2007 non
571 1949 661 2025 plura
688 1948 777 2009 faeta.
823 1950 901 2008 idem
929 1949 1113 2025 Pomponius

108 2032 176 2095 libro
199 2037 313 2095 deeimo
336 2029 444 2096 notat.'

187 2125 225 2184 ef.
238 2125 334 2184 Lenel
347 2124 447 2184 Ediot.
461 2146 488 2201 p.
506 2127 546 2185 46
572 2128 603 2183 11
627 2127 699 2185 267.

373 2277 422 2343 De
444 2280 619 2344 vadimonio
642 2280 845 2363 omeiprimdo.

189 2384 242 2448 24.
275 2384 314 2448 D.
332 2385 362 2463 6,
384 2386 412 2462 1,
431 2385 460 2449 6.
514 2386 633 2450 Paulus
666 2385 751 2449 libro.
781 2390 871 2450 sexto
905 2385 943 2449 ad
977 2384 1114 2448 edietum

102 2469 149 2560 (P.
166 2471 255 2559 152).
280 2509 319 2519 -
346 2472 381 2538 si
407 2473 440 2536 in
468 2495 537 2537 rem
565 2474 681 2558 aliquis
710 2478 800 2557 agat,
828 2474 923 2537 debet
946 2472 1114 2556 designare

100 2583 182 2647 rem,
215 2564 248 2625 et
279 2565 390 2625 utrum
421 2565 525 2626 totam
558 2584 599 2626 an
631 2566 758 2645 partem
790 2565 824 2626 11
851 2565 985 2646 quotam
1010 2565 1115 2646 petat,

101 2650 278 2735 appellatio
302 2649 389 2713 enim
411 2651 458 2714 rei
481 2672 548 2715 non
571 2671 682 2734 genus,
706 2651 760 2714 sed
785 2652 924 2733 speeiem
946 2649 1115 2734 signifieat.

100 2736 286 2805 Octavenns
314 2739 361 2802 ita
384 2737 510 2823 definit,
539 2740 622 2822 quod
646 2738 786 2803 infectae
810 2739 937 2821 quidem
960 2740 1115 2804 materiae

97 2827 236 2912 pondua,
260 2827 408 2910 signatae
427 2849 502 2891 vero
521 2848 701 2910 numerum,
724 2827 827 2891 factae
848 2831 956 2892 autem
975 2829 1115 2911 speeiem

97 2917 162 2981 (1111
187 2918 328 2999 oportet.

186 3026 303 3086 Paulus
326 3025 424 3084 addit:
449 3020 512 3085 ‘sed
536 3029 567 3084 et
587 3045 728 3085 mensura
747 3025 872 3085 dicenda
891 3027 957 3102 erit,
981 3046 1049 3087 oum
1068 3046 1115 3087 res

95 3133 242 3176 mensura
265 3108 487 3173 continebitur?

189 3204 339 3279 cf.47‚2,
356 3205 406 3279 19,
423 3205 441 3260 2
462 3203 530 3278 Ulp.
549 3204 587 3261 ad
607 3202 673 3262 Sab.
712 3197 809 3273 ‘Quod
828 3203 854 3263 si
873 3205 939 3280 quis
958 3205 1116 3279 argentum

95 3293 242 3353 infectum
271 3294 369 3369 petat,
397 3294 428 3350 et
454 3309 584 3350 massam
613 3295 787 3369 argenteam
814 3287 913 3351 dicere
942 3296 973 3350 et
999 3290 1115 3366 pondus

96 3381 222 3442 debebit
235 3398 355 3455 ponere.
388 3380 499 3456 signati
514 3380 631 3457 argenti
641 3400 798 3441 numerum
809 3380 929 3439 debebit
939 3371 1114 3454 complecti?

170 3519 186 3567 1
209 3513 286 3568 Tru.
306 3513 413 3569 statuto
431 3515 566 3582 tempore.
