2422 3976
452 182 477 230 t.
501 172 618 230 TITIUS
636 173 766 230 ARISTO
1048 174 1112 240 367

53 370 56 413 ι
110 341 193 423 pater
220 338 307 404 male
335 341 450 405 contra
476 338 632 423 pietatem
661 336 844 422 adficiebat,
876 339 983 423 coegit
1010 360 1116 404 eman-

53 432 56 519 }
110 427 217 511 cipere.
269 448 334 512 quo
365 430 481 512 postea
512 425 661 492 defuncto
697 432 789 510 pater
824 431 861 492 ut
898 428 1115 494 manumissor

110 514 258 583 bonorum
294 515 532 601 possessionem
569 515 631 579 sibi
668 519 849 600 competere
882 515 1021 602 dicebat;
1058 517 1116 583 sed

110 606 238 672 consilio
260 604 389 671 Neratii
406 604 510 670 Prisci
533 607 566 668 et
583 603 748 669 Aristonis
772 605 801 668 ei
823 607 956 688 propter
978 607 1115 670 necessi·

110 695 205 761 tatem
237 692 412 760 solvendae
443 693 575 778 pietatis
608 688 833 779 (potestatisi)
866 691 1025 779 denegata
1056 698 1115 760 est.

354 888 404 954 Dc
426 889 534 972 lupatis
558 893 586 952 et
606 889 860 972 fidhommissis.

187 1014 219 1081 3.
242 1012 281 1077 D.
297 1013 351 1097 33,
360 1014 391 1097 2,
399 1013 452 1077 22.
497 1011 658 1097 Ulpianus
682 1013 766 1077 libro
790 1013 903 1098 quinto
927 1013 1050 1078 decimo
1074 1014 1114 1079 ad

107 1098 206 1189 legem
225 1100 345 1167 Iuliam
367 1106 401 1167 et
418 1101 554 1185 Papiam
573 1100 622 1185 (P.
632 1099 744 1188 2035).
763 1138 805 1148 -
826 1100 1032 1167 ‘Patrimonii
1051 1105 1115 1167 mei

106 1190 240 1257 reditum
264 1191 412 1256 omnibus
436 1190 530 1255 annis
552 1191 646 1255 uxori
669 1211 761 1255 meae
780 1190 851 1255 dari
869 1190 966 1256 volo'.
1002 1191 1113 1257 Aristo

104 1279 269 1365 respondit
296 1279 337 1344 ad
364 1280 515 1344 heredem
542 1279 653 1344 uxoris
680 1301 748 1344 non
775 1281 928 1365 transire,
957 1281 1031 1364 quia
1058 1283 1115 1345 aut

104 1370 172 1435 usui
203 1368 326 1486 fructui
357 1368 462 1433 simile
495 1372 580 1433 esset
613 1371 669 1432 aut
694 1368 772 1432 huic
799 1368 910 1455 legato
939 1366 986 1433 ‘in
1014 1390 1114 1433 annos

103 1458 266 1544 singulos.

186 1565 218 1631 4.
250 1562 290 1629 D.
313 1564 366 1643 36,
391 1565 420 1647 1,
443 1565 473 1644 3,
495 1564 525 1629 2.
571 1561 729 1647 Ulpianus
765 1563 848 1628 libro
881 1564 979 1628 tertio
1010 1563 1114 1629 Fidei·

100 1654 348 1720 commissorum
375 1649 425 1741 (P.
442 1651 550 1736 1873).
577 1689 614 1698 —
642 1700 676 1717 ..
703 1651 903 1736 Pomponius
931 1653 1057 1738 scribit,
1085 1654 1113 1718 si

100 1742 246 1809 deductis
278 1742 399 1828 legatis
431 1742 601 1806 restituere
634 1742 705 1824 quis
732 1741 943 1807 hereditatem
971 1747 1114 1827 rogatur,

99 1831 283 1917 quaesitum
307 1834 365 1913 est,
388 1835 495 1895 utrum
520 1831 625 1894 solida
646 1831 756 1914 legata
778 1830 975 1914 praestanda
998 1833 1064 1896 sint
1082 1840 1115 1895 et

98 1924 251 2005 quartam
278 1940 318 1984 ex
345 1919 415 1985 solo
441 1918 693 1984 fideicommisso
723 1919 891 1984 detrahere
920 1921 1038 2004 possit,
1072 1942 1115 1984 an

96 2029 174 2074 vero
203 2012 237 2073 et
264 2029 303 2072 ex
329 2007 448 2092 legatis
478 2013 511 2071 et
538 2029 577 2071 ex
604 2007 852 2073 fideicommisso
881 2012 1032 2091 quartam
1061 2008 1112 2072 de·

96 2096 228 2162 trahere
260 2096 387 2181 possit?
437 2099 470 2160 et
499 2095 598 2160 refert
624 2096 813 2161 Aristonem
841 2097 1047 2180 respondisse
1075 2118 1114 2159 ex

96 2185 252 2251 omnibus
284 2185 530 2269 detrahendam,
561 2185 624 2250 hoc
657 2189 708 2250 est
740 2207 779 2249 ex
811 2185 931 2271 legatis
964 2190 997 2248 et
1026 2183 1115 2248 fidei·

96 2295 282 2341 commrsso.

188 2380 220 2447 5.
251 2380 292 2446 Ι).
308 2381 340 2464 4,
358 2381 389 2463 4,
410 2381 460 2463 16,
479 2381 508 2445 2.
559 2379 719 2465 Ulpianus
752 2380 836 2444 libro
868 2379 1038 2444 undecimo
1072 2380 1112 2444 ad

97 2471 242 2537 edictum
266 2466 316 2557 (P.
327 2466 419 2556 406).
443 2506 484 2515 -
509 2468 754 2553 Pomponius..
778 2468 877 2532 refert
899 2468 982 2532 libro
1006 2469 1112 2532 vicen-

96 2560 184 2626 simo
213 2562 343 2644 octavo,
369 2580 441 2623 cum
465 2557 596 2642 quidam
618 2557 713 2623 heres
736 2560 870 2641 rogatus
894 2562 979 2621 esset
1002 2557 1113 2621 fratris

95 2649 184 2715 filiae
214 2648 396 2730 complures
425 2669 475 2711 res
505 2646 581 2711 dare
608 2669 647 2712 ea
675 2645 874 2728 condicione,
906 2649 956 2730 ut,
986 2645 1015 2709 si
1042 2646 1113 2711 sine

96 2737 213 2804 liberis
242 2736 445 2820 decessisset,
472 2737 658 2801 restitueret
685 2757 740 2800 eas
768 2734 879 2798 heredi
902 2734 1037 2799 ethaeo
1060 2735 1112 2800 de·

95 2827 212 2893 functo
249 2825 366 2890 herede
397 2825 508 2890 heredi
540 2825 608 2888 eius
641 2824 779 2889 cavisset
811 2844 844 2886 se
876 2823 1113 2909 restituturam,

97 2916 288 2982 Aristonem
310 2917 441 2998 putasse
463 2914 497 2977 in
519 2913 681 2997 integrum
704 2910 945 2977 restituendam.

433 3089 484 3154 Dc
507 3090 643 3155 libertate
664 3090 780 3155 relicta.

190 3217 221 3282 6.
243 3215 284 3281 D.
292 3216 346 3299 40,
354 3215 385 3294 4,
394 3215 447 3281 46.
478 3213 675 3298 Pomponius
695 3213 778 3280 libro
796 3215 933 3298 septimo
948 3236 987 3278 ex
1005 3213 1112 3278 Variis

99 3306 308 3373 Lectionibus
331 3301 382 3392 (P.
398 3300 487 3387 825).
509 3341 545 3349 —
573 3305 682 3368 Aristo
706 3301 841 3369 Neratio
870 3300 1039 3388 Appiano¹
1065 3322 1113 3365 re·

153 3479 363 3606 .1.,M⁰¹¹¹¹¹¹⁸⁰¹¹
381 3494 431 3548 pro
447 3477 599 3548 ‘Appiano’
619 3478 714 3549 potius
730 3475 846 3533 ‘Prisco’
862 3476 1039 3534 scribendum
1053 3491 1114 3532 esse

100 3567 191 3606 corici
206 3591 213 3605 .
