2422 3976
97 111 162 176 316
198 113 231 168 V.
250 111 402 167 NERVAE
420 112 467 168 ΕΤ
485 112 637 168 TRAIANI
655 112 762 170 TEMP.
783 113 880 170 IURIS
898 113 1077 172 CONSULTI

96 281 176 358 quod
202 281 281 340 idem
310 282 602 341 senatusconsultum
630 300 695 341 esse
722 281 834 361 iudice,
863 282 900 342 do
929 303 988 361 quo
1016 283 1105 344 Gaius

94 370 130 431 D.
147 373 197 445 27,
213 373 264 448 10,
279 373 297 430 5
322 370 426 429 tradit.

516 565 624 625 Liber
647 565 685 629 ΙΙ.

374 685 424 750 De
446 682 646 768 adquirenda
659 685 829 751 hereditate.

184 792 213 856 9.
237 791 276 857 D.
290 792 343 874 29,
357 793 388 874 2,
402 792 454 857 59.
499 791 651 857 Neratius
674 791 758 857 libro
782 793 923 859 secundo
948 793 1091 860 Membra·

95 901 218 945 narum.
246 916 282 926 —
310 879 371 956 Qui
399 881 484 966 patri
512 881 606 946 heres
635 881 761 946 exstitit
789 881 817 944 si
844 881 931 948 idem
959 883 1025 949 filio
1045 884 1092 948 in·

94 969 208 1052 puberi
241 969 435 1034 substitutus
469 975 531 1050 est,
562 991 628 1034 non
660 972 768 1053 potest
797 970 1011 1037 hereditatem
1036 971 1092 1036 eius

94 1059 360 1141 praetermittere.
393 1059 478 1142 quod
499 1058 544 1123 sio
563 1058 782 1143 recipiendum
797 1063 856 1144 est,
876 1060 977 1125 etiam
992 1061 1018 1126 si
1031 1063 1090 1123 viro

94 1146 219 1232 pupillo
247 1151 393 1212 mortuus
421 1147 497 1228 erit,
524 1146 638 1211 deinde
662 1146 806 1230 pupillus
829 1147 979 1232 impubes
1002 1150 1092 1214 deaes-

96 1236 183 1300 serit.
234 1237 323 1316 [nam
355 1236 383 1298 is
416 1237 469 1319 qui
501 1235 593 1300 heres
627 1236 789 1300 exstiterit
820 1238 947 1320 pupillo
983 1253 1091 1324 quoque

93 1324 188 1389 heres
211 1323 391 1389 necessario
415 1324 499 1404 erit]
529 1347 604 1388 nam
633 1326 661 1389 si
683 1324 791 1408 ipsum
813 1325 952 1391 invitum
976 1323 1092 1411 obligat,

96 1412 248 1497 coniungi
276 1435 347 1477 eam
374 1415 530 1497 paternae
556 1412 731 1478 hereditati
754 1418 786 1477 et
809 1413 1014 1496 adoresoendi
1034 1416 1092 1479 iure

96 1501 222 1585 adquiri
245 1501 433 1587 cuicumque
456 1501 560 1585 patris
582 1502 694 1566 heredi
718 1501 969 1569 existimandum
993 1509 1044 1569 est.

459 1660 509 1726 De
531 1663 598 1726 iure
620 1662 747 1726 dotium.

186 1767 236 1831 10.
265 1766 303 1831 D.
320 1767 370 1852 12,
384 1768 414 1851 4,
430 1768 460 1833 8.
505 1766 657 1832 Neratius
681 1768 765 1833 libro
789 1770 928 1835 seeundo
951 1770 1092 1836 Membra·

95 1876 219 1921 narum.
245 1892 282 1903 -
310 1855 401 1931 Quod
430 1855 558 1921 Servius
586 1857 620 1920 in
647 1857 731 1922 libro
759 1858 798 1921 de
826 1859 958 1924 dotibus
987 1855 1090 1932 scribit,

96 1945 125 2009 si
151 1945 236 2009 inter
263 1967 317 2009 eas
340 1966 509 2028 personas,
537 1968 673 2029 quarum
697 1946 800 2010 altera
822 1947 967 2013 nondum
989 1950 1091 2014 iustam

96 2037 236 2098 aetatem
254 2034 383 2117 habeat,
401 2035 535 2117 nuptiae
554 2033 659 2099 factae
680 2034 754 2118 sint,
773 2036 857 2119 quod
873 2037 961 2103 dotis
977 2038 1092 2103 nomine

95 2123 226 2186 interim
250 2122 359 2187 datum
384 2123 435 2203 sit,
458 2123 560 2206 repeti
581 2144 687 2208 posse,
710 2124 756 2187 sic
775 2125 1029 2210 intellegendum
1045 2125 1093 2200 est,

95 2218 141 2293 ut,
165 2212 192 2274 si
217 2211 390 2276 divortium
414 2212 641 2296 intercesserit,
663 2212 851 2295 priusquam
874 2221 1012 2300 utraque
1034 2233 1090 2299 per·

97 2322 176 2364 sona
193 2300 313 2365 iustam
333 2303 474 2364 aetatem
488 2300 617 2384 habeat,
637 2300 679 2363 sit
694 2301 761 2365 eius
776 2304 932 2385 pecuniae
947 2303 1092 2390 repetitio,

96 2389 196 2453 donee
221 2394 328 2454 autem
352 2391 386 2453 in
410 2389 523 2454 eodem
546 2389 662 2454 habitu
686 2392 884 2455 matrimonii
908 2393 1093 2475 permanent,

95 2500 160 2542 non
183 2478 287 2563 magis
311 2478 342 2541 id
366 2477 469 2561 repeti
490 2480 603 2561 possit,
627 2500 723 2562 quarn
743 2479 828 2563 quod
848 2502 969 2564 sponsa
989 2498 1094 2566 sponso

96 2566 180 2630 dotis
198 2570 330 2631 nomine
349 2567 479 2650 dederit,
498 2567 600 2631 donee
619 2573 749 2632 maneat
767 2569 852 2632 inter
870 2591 925 2633 eos
945 2571 1094 2648 adfinitas

96 2654 181 2738 quod
218 2657 302 2719 enim
338 2677 375 2719 ex
407 2677 445 2720 ea
477 2677 574 2720 eausa
606 2656 749 2720 nondum
782 2657 866 2721 coito
900 2657 1094 2725 matrimonio

96 2744 200 2819 datur,
224 2765 295 2807 eum
320 2745 366 2807 sie
389 2744 480 2809 detur
502 2748 667 2827 tamquam
688 2747 722 2808 in
742 2746 850 2810 dotem
868 2753 1095 2830 perventurum,

96 2831 249 2914 quamdiu
272 2835 439 2915 pervenire
463 2836 586 2917 potest,
609 2834 761 2915 repetitio
786 2836 854 2899 eius
878 2857 943 2900 non
968 2843 1028 2903 est.

184 2923 293 2983 Utrum
314 2931 382 3000 post
400 2926 512 2985 librum
530 2927 566 2985 de
585 2927 699 3002 nuptiis
720 2920 825 3008 (supra
842 2948 871 3004 p.
893 2922 974 3012 295)
994 2931 1096 2990 editum

96 3032 134 3072 an
158 3017 246 3073 antea
268 3016 342 3073 haee
365 3016 477 3091 scripta
501 3016 573 3090 sint,
596 3016 744 3075 incertum
768 3022 820 3075 est.

188 3116 236 3180 11.
259 3115 298 3182 D.
309 3116 462 3200 25,1,15.
504 3116 657 3181 Neratius
680 3117 765 3181 libro
790 3119 930 3184 secundo
949 3119 1096 3186 Membra·

96 3226 220 3269 narum.
241 3241 279 3251 -
301 3205 393 3280 Quod
417 3207 532 3271 dieitur
554 3206 726 3289 impensas,
750 3228 830 3289 quae
854 3208 889 3271 in
913 3231 964 3274 res
985 3209 1095 3275 dotales

95 3295 275 3358 necessario
308 3294 414 3358 factae
448 3301 536 3379 sunt,
569 3297 676 3360 dotem
706 3294 903 3379 deminuere,
935 3299 983 3362 ita
1010 3299 1095 3363 inter·

95 3383 287 3464 pretandum
311 3389 374 3466 est,
398 3386 443 3464 ut,
469 3383 496 3445 si
520 3384 594 3467 quid
619 3387 709 3448 extra
733 3384 867 3448 tutelam
891 3387 1095 3452 neeessariam

95 3471 128 3533 in
152 3491 202 3534 res
228 3471 352 3534 dotales
376 3472 557 3554 impensum
582 3479 639 3555 est,
663 3474 694 3536 id
718 3472 752 3536 in
777 3494 814 3538 ea
836 3495 936 3540 causa
955 3478 1096 3560 sit3nan1
