2422 3976
97 190 160 255 152
178 190 225 245 111.
236 167 1107 252 esnonnuounnoos.emesnrnne.1ue1scons.

94 353 207 419 haberi
224 352 380 418 Proculus
403 353 459 418 ait.
495 352 551 418 sed
569 374 635 418 non
653 373 748 438 posse
766 352 933 437 prohiberi
951 353 1104 439 vieinum,

95 464 158 526 quo
182 441 287 506 minus
311 442 474 506 balineum
497 441 619 507 habeat
642 441 816 506 seeundum
838 442 997 526 parietem
1020 464 1106 509 eom-

94 552 238 604 munem,
272 531 419 614 quamvis
447 552 591 596 umorem
619 531 727 614 capiat
754 531 873 614 paries3
905 552 972 596 non
999 533 1107 616 magis

93 640 188 703 quam
216 617 244 683 ai
270 619 322 683 vel
350 620 386 683 in
412 619 555 684 triclinio
584 640 642 684 suo
669 620 722 684 vel
749 619 784 683 in
812 619 958 685 eubiculo
987 640 1106 706 equom

94 707 280 772 effunderet.

116 811 119 818 ·
458 778 508 847 De
529 780 597 848 iare
618 780 743 848 dotium.

145 941 147 944 ,
186 883 238 950 51.
261 882 299 954 1).
316 885 368 966 24,
381 885 412 967 b,
430 885 479 965 15,
498 885 519 948 2
538 888 570 948 et
590 885 685 969 lipr.
722 884 843 950 Paulus
861 885 949 955 libro
966 884 1107 970 septimo

94 973 135 1040 ad
159 971 315 1038 Sabinum
338 970 389 1060 (P.
409 970 520 1059 1166).
543 1008 585 1021 -
609 972 726 1039 Sooero
741 1023 748 1039 .
762 1023 785 1058 .,
812 995 885 1040 oum
914 995 979 1058 quo
1006 995 1110 1040 nurus

94 1062 132 1127 de
154 1062 232 1129 dote
254 1061 336 1146 agit,
358 1061 444 1125 idem
467 1062 571 1126 honor
592 1062 740 1146 habetur,
761 1066 798 1126 ut
819 1063 855 1127 in
877 1062 911 1127 id
934 1062 1106 1128 damnetur

93 1151 178 1236 quod
197 1150 301 1215 faeere
320 1153 436 1233 potest.
457 1152 461 1228 Ι
482 1173 522 1214 ex
539 1151 667 1216 diverso
685 1151 713 1215 si
732 1172 823 1216 soeer
837 1173 875 1216 ex
889 1151 1105 1236 promissione

94 1240 253 1305 emerito
278 1241 504 1322 conveniatur,
527 1239 610 1305 solet
634 1239 753 1323 quaeri,
775 1261 817 1305 an
839 1239 925 1304 idem
949 1240 980 1304 ei
1002 1240 1107 1306 honor

93 1327 260 1394 habendus
279 1327 322 1392 sit
341 1326 397 1412 (so.
412 1331 449 1391 ut
465 1329 500 1392 in
518 1327 551 1391 id
571 1327 741 1392 damnetur
754 1328 840 1412 quod
853 1327 960 1393 faeere
974 1325 1106 1416 potest).

94 1416 248 1482 Neratius
266 1416 359 1480 libris
378 1415 638 1490 Membranarum
658 1420 690 1480 et
705 1415 859 1482 Proculus
878 1417 1028 1483 scribunt
1045 1418 1109 1483 hoo

99 1506 221 1571 iustum
245 1525 324 1569 esse.

183 1593 235 1658 52.
267 1591 347 1658 Ibid.
370 1596 390 1673 g
411 1594 440 1658 1.
461 1628 499 1646 «-
519 1592 602 1658 Item
631 1594 659 1657 si
686 1594 802 1658 mulier
829 1616 867 1658 ex
890 1593 1108 1678 promissione

97 1683 319 1760 conveniatur,
346 1682 450 1766 magis
478 1682 599 1765 placuit
623 1682 853 1748 defendendam
877 1704 949 1747 eam
972 1704 1032 1766 per
1056 1704 1108 1748 ex·

96 1771 286 1854 ceptionem.
334 1769 420 1834 idem
450 1773 483 1834 et
513 1770 669 1842 Proculus
702 1770 749 1835 ait
776 1768 886 1858 [siouti
915 1789 990 1836 eum
1018 1772 1115 1838 socia,

95 1859 171 1942 fuit,
211 1858 341 1922 debitur
378 1859 409 1922 ei
445 1859 604 1944 exceptio,
646 1859 794 1943 quamvis
831 1860 900 1925 iure
937 1859 1028 1924 eivili
1065 1859 1109 1925 sit

100 1948 167 2013 obli
192 1949 269 2026 ata].
1111 1970 1114 1995 ’-

169 1967 238 2102 Β53.
263 2035 302 2100 D.
316 2035 370 2117 45,
386 2037 413 2118 1,
428 2037 479 2102 21.
520 2035 718 2127 Pomponius
742 2036 827 2102 libro
851 2035 1108 2122 quintodecimo

98 2124 138 2189 ed
167 2123 322 2189 Sabinum
349 2121 400 2211 (P.
419 2121 508 2211 620).
530 2159 575 2174 —-
600 2124 636 2189 si
663 2124 803 2190 divortio
829 2123 918 2190 feeto
948 2145 999 2205 ea,
1028 2145 1114 2208 quae

98 2213 178 2278 nihil
202 2214 235 2277 in
259 2213 332 2278 dote
354 2214 482 2295 hebeat,
506 2212 591 2277 dotis
614 2213 741 2277 nomine
765 2217 894 2278 eentum
918 2213 988 2277 dari
1011 2214 1112 2297 stipu-

99 2303 191 2383 letur,
216 2302 267 2366 vel
287 2324 368 2387 quae
386 2306 516 2367 eentum
535 2301 701 2366 dumtaxat
719 2302 848 2386 habeat,
866 2301 1006 2367 dueenta
1024 2301 1112 2367 dotis

99 2392 229 2456 nomine
253 2390 323 2455 dari
342 2392 528 2474 stipuletur,
550 2389 706 2455 Proculus
726 2391 781 2473 ait,
805 2391 832 2455 si
852 2391 990 2455 ducenta
1009 2391 1113 2474 stipu-

100 2479 185 2544 letur
209 2501 290 2565 quae
314 2483 442 2544 eentum
464 2478 594 2563 hebeat,
618 2479 685 2543 sine
708 2478 806 2544 dubio
830 2483 960 2544 eentum
982 2479 1112 2564 quidem

97 2569 131 2632 in
156 2568 386 2651 obligationem
410 2568 527 2646 venire,
550 2568 615 2632 alia
638 2572 746 2632 autem
768 2571 897 2632 eentum
917 2568 1045 2633 notione
1064 2570 1112 2634 rei

99 2655 244 2722 uxoriae
269 2656 386 2720 deberi.

188 2743 240 2811 54.
259 2743 298 2808 D.
306 2744 359 2826 24,
367 2744 397 2823 3,
407 2744 492 2827 10‚1.
515 2744 605 2811 Idem
615 2740 889 2830 (sePomponius)
899 2743 983 2809 libro
1000 2745 1116 2831 quinto

101 2832 223 2896 decimo
248 2832 287 2895 ed
312 2831 467 2899 Sabinum
492 2832 541 2914 (P.
556 2831 644 2917 616).
669 2869 711 2880 -·-
737 2831 769 2896 Si
793 2832 842 2896 vir
865 2854 999 2900 uxorem
1024 2855 1116 2901 suam

101 2919 266 2999 occiderit,
288 2921 335 2985 rei
357 2918 502 2987 uxoriae²
525 2922 685 2989 sotionem
709 2920 880 2989 heredibus
903 2921 1016 2987 uxoris
1042 2922 1116 2991 dan·

100 3008 174 3077 dam
198 3030 267 3073 esse
290 3007 444 3075 Proculus
469 3011 523 3076 ait.

290 3157 336 3217 De
359 3158 511 3216 donatione
532 3159 607 3216 inter
628 3159 724 3217 airam
747 3161 773 3216 et
793 3174 921 3216 oaorem.

190 3256 241 3322 55.
269 3255 308 3320 D.
328 3256 380 3340 24,
401 3257 428 3340 1,
447 3256 499 3340 31,
517 3258 545 3321 7.
591 3256 787 3340 Pomponius
811 3257 895 3322 libro
920 3263 1039 3341 quarto
1064 3260 1116 3325 de·

101 3345 184 3411 eimo
212 3345 252 3410 ad
281 3343 435 3410 Sabinum
464 3343 512 3431 (P.
533 3344 622 3430 601).
646 3381 684 3391 —
717 3345 810 3422 Quod
836 3346 1006 3432 legaturus
1036 3349 1116 3415 mihi

175 3490 188 3538 1
210 3484 286 3539 Trio.
306 3482 387 3539 dotis.

173 3560 188 3608 2
210 3555 339 3610 Troiade
359 3555 432 3610 dote.
