2422 3976
95 189 136 252 96
163 188 212 243 ΙΙΙ,
227 187 303 242 GAII
317 186 463 242 CLAUDII
476 186 611 242 NERON.
622 186 766 241 GALBAE
776 186 991 243 TEMP.1URIS
1001 186 1105 245 CONS.

94 354 202 435 legata
235 354 295 433 est,
328 371 400 414 eum
433 355 554 415 eertum
588 350 631 415 sit
662 351 768 435 legem
796 348 973 415 Falcidiam
1000 352 1105 416 locum

93 441 221 521 habere,
243 461 308 504 non
331 439 542 524 stipulationi,
566 439 621 504 sed
645 439 879 522 computationi
903 440 1014 505 locum
1037 461 1105 507 ease

94 528 210 592 Pedius
241 530 301 609 ait,
333 532 370 592 ut
397 528 599 610 aestimetur,
633 528 744 612 quanti
773 527 816 591 sit
844 528 930 611 quod
957 528 993 593 in
1023 528 1126 609 diem,

94 618 237 700 legatum
256 622 305 680 est
324 621 356 680 et
374 619 500 680 tanturn
520 617 669 682 credatur
688 638 757 680 esse
772 617 928 701 legatum,
947 622 1104 702 quantum

94 705 193 770 eflicit
213 706 406 786 aestimatio,
427 710 463 768 ut
480 728 540 790 pro
559 706 654 770 modo
674 706 741 768 eius
761 727 799 769 ex
819 706 969 770 omnibus
989 706 1103 792 legatis

94 793 205 865 statim
229 795 310 879 legis
333 792 494 858 Falcidiae
516 797 601 859 ratio
625 794 792 858 habeatur.

400 977 445 1032 Dc
462 978 572 1032 decimis
589 976 799 1045 computandis?

181 1087 234 1151 48.
257 1086 296 1151 D.
307 1086 358 1170 35,
368 1087 398 1167 2,
408 1086 502 1170 63pr.
539 1087 658 1150 Paulus
677 1086 761 1151 libro
781 1085 920 1151 secundo
941 1085 983 1150 ad
1000 1086 1100 1172 legem

92 1174 209 1239 Iuliam
225 1178 258 1239 et
272 1174 407 1258 Papiam
423 1173 471 1261 (P.
482 1172 571 1261 937).
589 1211 626 1222 —
644 1197 737 1239 ..neo
756 1179 831 1259 post
849 1177 988 1240 mortem
1007 1177 1101 1240 testa·

93 1264 174 1328 toris
206 1264 356 1328 heredem
388 1262 589 1328 institutum1
618 1285 745 1328 servum
773 1267 866 1328 tanto
895 1263 999 1347 pluris
1027 1284 1100 1348 esse,

94 1373 158 1437 quo
183 1352 286 1436 pluris
306 1351 414 1416 venire
434 1357 550 1436 potest,
574 1351 690 1416 Pedius
715 1353 840 1435 scribit3
867 1356 919 1416 est
943 1351 1030 1417 enim
1052 1352 1100 1417 alr

95 1440 227 1506 surdum
251 1441 358 1525 ipsum
382 1463 432 1505 me
455 1441 604 1504 heredem
627 1440 813 1505 institutum
836 1462 903 1506 non
927 1462 998 1505 esse
1020 1442 1099 1507 locu·

93 1530 278 1613 pletiorem,
311 1533 481 1613 antequam
515 1529 640 1608 adeam,
672 1529 701 1592 si
734 1533 841 1593 autem
874 1549 986 1593 servus
1013 1530 1098 1593 heres

93 1618 263 1681 institutus
287 1618 344 1699 sit,
372 1617 482 1682 statim
505 1640 556 1681 me
579 1618 824 1702 locupletiorem
848 1617 1011 1700 effectum,
1034 1636 1097 1682 cum

93 1707 205 1769 multis
234 1707 339 1771 causis
367 1705 510 1770 accidere
537 1707 654 1791 possit,
682 1727 721 1769 ne
746 1705 837 1770 iussu
861 1709 974 1770 nostro
1004 1706 1097 1771 adeat

95 1794 236 1878 adquirit
267 1794 361 1859 nobis
393 1799 479 1859 certe
506 1817 578 1859 eum
599 1794 734 1877 adierit,
767 1797 853 1858 esset
880 1798 989 1859 autem
1016 1815 1097 1879 prae·

93 1888 257 1967 posterum
278 1887 352 1948 ante
370 1905 429 1948 nos
448 1884 625 1968 locupletes
644 1883 716 1966 dici,
735 1905 832 1967 quam
851 1881 1097 1968 adquisierimus.

235 2136 289 2196 III.
321 2137 374 2195 Ad
397 2137 554 2196 edictum
577 2137 751 2195 aedilium
774 2136 965 2196 curulium.

183 2260 280 2320 Huius
296 2262 433 2337 opusculi
447 2280 523 2337 quae
537 2261 700 2319 traduntur
713 2260 883 2336 fragmenta
897 2256 1093 2319 tantummodo

94 2350 130 2408 do
153 2350 318 2426 mancipiis
332 2349 494 2410 vendundis
517 2352 599 2420 sunt,
627 2368 723 2425 noque
745 2349 778 2407 iu
801 2368 835 2407 eo
858 2349 996 2424 priorum
1016 2345 1092 2406 iuris-

94 2439 297 2499 consultorum
311 2440 421 2498 mentio
436 2439 478 2499 fit.
514 2438 656 2496 laudatur
670 2441 772 2496 autom
786 2457 804 2496 a
818 2436 912 2496 Paulo
927 2440 959 2496 et
974 2435 1092 2513 Ulpiano

93 2528 178 2587 libris
201 2528 240 2585 ad
263 2528 393 2586 edictum
415 2526 565 2586 aedilium.

408 2697 451 2751 De
469 2697 615 2765 mancipiis
633 2696 792 2750 vendundis.

184 2807 214 2870 1.
246 2805 284 2871 D.
301 2806 328 2889 1,
345 2808 374 2887 3,
390 2807 439 2870 13.
485 2805 644 2885 Ulpianus
671 2804 793 2869 libroI
821 2803 862 2867 ad
890 2804 1031 2869 edictum
1052 2820 1094 2866 ae·

95 2894 207 2957 dilium
224 2896 381 2958 curulium
396 2893 445 2981 (P.
457 2891 567 2980 1757).
584 2929 621 2940 -
639 2942 692 2975 ...,
707 2897 743 2956 ut
758 2892 804 2956 ait
819 2891 944 2974 Pedius,
959 2895 1093 2977 quotient

94 2983 166 3066 lege
190 2982 310 3068 aliquid
334 3005 433 3047 unum
457 2983 506 3046 vel
531 2983 669 3046 alterum
691 2981 910 3045 introductum
932 2986 997 3064 ast,
1021 2980 1094 3045 bona

96 3071 222 3135 occasio
246 3075 295 3135 est
318 3074 432 3156 cetera,
455 3093 535 3154 quae
554 3071 692 3135 tendunt
711 3070 750 3133 ad
769 3070 903 3134 eandem
922 3069 1095 3147 utilitatem,

98 3159 148 3222 vel
172 3160 440 3242 interpretatione
463 3161 514 3224 vel
538 3164 622 3223 certe
645 3159 863 3223 iurisdictione
887 3158 1038 3243 suppleri

184 3279 319 3337 Huschke
332 3279 365 3336 Z.
377 3281 401 3337 d.
414 3277 536 3339 Soa-St.
552 3281 661 3356 XXII,
672 3281 734 3336 337
752 3282 794 3338 ita
811 3281 993 3338 scribendam
1004 3275 1095 3353 palti?

95 3362 135 3426 ἦ.
160 3371 207 3427 est
230 3362 299 3445 <si>
398 3361 559 3446 <oportet>
582 3360 734 3444 suppleri.'

168 3561 181 3607 1
201 3554 248 3608 Fl.
267 3571 319 3608 nec
337 3553 469 3608 heredem
486 3557 552 3623 post
570 3573 606 3607 m.
625 3556 691 3610 test.
708 3551 877 3609 institutum.
