2422 3976
200 190 235 247 IL
254 190 494 247 INGERTORUM
513 191 742 247 SENTENTIAE
762 192 809 246 ΕΤ
828 192 933 249 LIBRI.
1007 193 1074 257 523

355 370 406 437 De
426 374 577 456 emptione
598 374 776 438 venditione.

416 503 463 561 De
483 504 575 576 fundo
597 504 718 562 neredito.

150 612 202 677 21.
247 610 287 676 D.
313 612 363 697 19,
389 614 420 692 1,
445 613 495 677 39.
541 611 740 677 Modestinus
764 611 847 676 libro
871 611 984 696 quinto
1008 612 1070 698 Re-

66 721 266 785 sponsorum.
281 736 323 746 -
339 752 346 765 .
361 702 482 765 ..iuris
501 704 646 765 auctores
661 699 901 783 responderunt,
921 701 947 763 si
963 706 1069 766 certus

65 788 211 853 venditor
238 789 430 873 quibusdam
457 791 605 872 personis
628 792 732 854 certas
760 788 930 853 servitutes
954 789 1069 854 debere

65 898 126 943 uon
160 877 383 943 admonuisset
419 882 609 962 emptorem,
645 900 683 942 ex
717 881 824 961 empto
862 899 935 941 eum
966 879 1069 942 teneri

66 965 181 1031 deberi

149 1055 202 1121 22.
234 1052 273 1119 D.
294 1056 345 1139 18,
365 1057 394 1135 1,
412 1056 464 1120 60.
501 1055 673 1120 Marcellus
696 1056 783 1119 libro
805 1059 896 1120 sexto
920 1055 1071 1140 Digesto-

64 1164 143 1209 rum.
171 1178 211 1189 -
247 1140 523 1227 Comprehensum
555 1149 625 1209 erat
655 1144 727 1227 lege
761 1143 955 1208 venditionis
984 1144 1071 1209 dolia

65 1231 232 1316 sexaginta
255 1232 392 1314 emptori
416 1254 592 1299 accessura
638 1256 711 1298 cum
734 1237 842 1298 esseut
867 1237 1009 1312 centum,
1036 1232 1072 1296 in

63 1319 237 1385 venditoris
253 1319 322 1385 fore
336 1323 497 1404 potestate
512 1343 703 1406 responsum
717 1326 767 1386 cst
780 1343 861 1404 quae
877 1322 973 1385 vellet
987 1320 1070 1385 dare.

148 1416 204 1482 23.
249 1415 288 1481 D.
305 1419 355 1497 18,
374 1419 404 1501 6,
427 1418 458 1484 9.
503 1417 603 1483 Gaius
624 1419 707 1484 libro
728 1418 849 1482 decimo
870 1418 910 1482 ad
929 1418 1068 1482 edictum

62 1505 267 1591 provinciale.
293 1541 330 1553 -
358 1504 391 1570 Si
409 1510 482 1589 post
500 1508 678 1590 inspectum
697 1507 872 1593 praedium,
896 1510 1068 1598 antequam

10 1628 12 1663 ι
61 1594 184 1749 fflti‘)
213 1595 441 1697 contrahatur,
462 1596 592 1698 arbores
620 1600 716 1662 vento
745 1596 886 1696 deiectae
914 1599 1001 1679 sunt,
1028 1617 1071 1660 an

62 1685 551 1855 spousiririqliiteffiiioileliiiiil
566 1685 727 1857 qlreiieilii'
748 1687 1069 1856 pppergltlrlrgfflptmpg

60 1863 135 1924 ante
163 1881 262 1943 quam
289 1860 422 1925 fundum
450 1862 563 1925 emerit
591 1862 745 1927 desierint
772 1861 865 1924 fundi
888 1883 966 1926 esse.
1013 1862 1067 1925 sed

60 1948 89 2013 si
120 1948 288 2033 ignoravit
319 1954 447 2032 emptor
480 1950 620 2014 deiectas
649 1973 718 2014 esse
747 1949 887 2030 arbores,
920 1949 1068 2013 venditor

59 2038 171 2101 autem
195 2038 257 2100 scit
283 2059 343 2101 nec
367 2037 541 2120 admonuit,
570 2040 684 2122 quanti
708 2037 862 2120 emptoris
886 2037 1070 2101 interfuerit

58 2146 129 2189 rem
151 2125 384 2190 aestimandam
408 2147 486 2209 esse,
510 2129 537 2190 si
561 2128 656 2192 modo
681 2128 777 2191 venit.

270 2299 317 2358 De
338 2301 437 2372 frnotn
459 2301 552 2359 olicae
568 2303 723 2374 pendentis
744 2301 865 2359 vendito.
890 2335 894 2342 -

149 2409 201 2473 24.
248 2407 286 2473 D.
321 2410 371 2481 18,
401 2410 430 2493 1,
458 2410 510 2490 39,
536 2412 563 2474 1.
607 2409 751 2475 Iulianus
775 2410 858 2473 libro
883 2409 995 2492 quinto
1018 2408 1070 2472 de·

59 2499 145 2563 cimo
169 2495 388 2583 Digestorum.
407 2534 450 2544 -
469 2496 653 2563 Verisimile
677 2501 726 2562 est
749 2519 830 2576 eum,
854 2498 909 2581 qui
928 2496 1070 2561 fructum

58 2586 166 2653 olivae
194 2585 363 2669 pendentis
392 2586 586 2651 vendidisset
615 2592 646 2651 et
674 2587 847 2669 stipulatus
875 2590 926 2649 est
959 2584 1068 2649 decem

58 2674 169 2760 pondo
193 2674 256 2738 olei
279 2673 364 2757 quod
387 2678 502 2739 natum
525 2680 621 2758 esset,
643 2677 781 2759 pretium
802 2674 1007 2738 constituisse
1027 2696 1066 2737 ex

59 2784 98 2830 eo
123 2762 211 2849 quod
234 2768 348 2826 natum
372 2768 456 2827 esset
479 2785 580 2848 usque
604 2765 644 2829 ad
668 2765 775 2828 decem
795 2763 902 2847 pondo
923 2761 997 2847 olei,
1023 2762 1067 2826 id·

60 2852 145 2917 circo
170 2850 250 2915 solis
273 2851 416 2935 quinque
446 2852 588 2918 collectis
616 2874 681 2916 non
705 2852 844 2934 amplius
868 2872 937 2915 enen
959 2855 1068 2933 petere

58 2938 173 3025 posse¹
196 2961 293 3024 quam
317 2942 455 3025 quinque
478 2940 585 3025 pondo
609 2941 681 3023 olei,
701 2961 780 3025 quae
800 2939 934 3005 collecta
953 2944 1069 3020 essent,

60 3050 79 3094 a
100 3028 266 3113 plerisque
289 3050 482 3113 responsum
506 3033 564 3093 est.

377 3203 423 3261 De
446 3205 520 3262 tono
542 3205 599 3275 fide
622 3206 755 3274 emptore.

150 3311 202 3376 25.
248 3310 286 3376 D.
316 3310 368 3395 41,
396 3313 426 3390 4,
455 3314 482 3376 8.
528 3311 617 3376 Idem
647 3309 704 3396 (so.
727 3307 887 3395 Iulianus)
912 3310 996 3374 libro
1021 3332 1070 3374 se-

61 3400 165 3466 cundo
189 3422 229 3463 ex
251 3399 391 3464 Minicio.
422 3436 459 3446 -
490 3398 524 3463 si
547 3400 632 3484 quis,
658 3421 729 3463 oum
753 3400 847 3464 sciret
869 3398 1070 3464 venditorem

133 3562 148 3611 1
168 3557 214 3611 Fr.
234 3557 343 3626 emptor
360 3559 455 3626 petere
474 3557 576 3626 potest.
