2422 3976
108 189 175 253 330
211 189 243 244 V.
262 188 412 245 NERVAE
432 188 480 243 ΕΤ
498 186 650 244 TRAIANI
667 188 776 243 TEMP.
794 187 891 244 Iunis
911 188 1094 245 CONSULTI

516 393 625 452 Liber
647 392 716 452 VH.

336 511 524 596 Lepotorum
545 512 767 577 servandorum
789 532 894 584 musa.

195 621 247 687 55.
271 619 310 684 D.
325 620 378 705 36,
391 620 422 703 3,
437 620 488 685 13.
525 618 677 684 Neratius
697 619 780 683 libro
801 619 941 703 septimo
961 619 1118 687 Membra·

106 732 232 776 narum.
254 745 296 812 .-
322 708 363 773 Ei
391 729 536 810 qnoque,
560 708 611 809 eui
639 708 822 810 legatorum
849 709 934 774 notio
964 709 1117 775 daturin

104 797 1117 971 tlhtltltlghttmsttltllllltthhttl

106 979 140 1042 in
154 977 393 1062 possessionem
407 974 591 1059 legatorum
606 974 837 1039 servandorum
852 996 951 1040 eausa
961 977 1112 1058 mittitur;

104 1088 180 1132 nam
199 1065 279 1130 haee
300 1085 427 1149 quoque
446 1066 576 1148 praetor
595 1061 729 1146 perinde
745 1063 836 1127 salva
850 1084 920 1128 esse
934 1065 1008 1129 vult
1023 1068 1112 1150 atque

103 1178 143 1221 ea
166 1176 247 1239 quae
270 1153 338 1218 iure
362 1152 452 1217 civili
475 1152 643 1217 debentur.
683 1151 769 1216 idem
787 1149 934 1217 Aristoni
957 1154 1072 1238 placet.

393 1311 622 1377 Desertorem
644 1312 832 1395 obltputioaa

192 1422 245 1487 56.
268 1419 315 1484 D„
326 1419 376 1502 15,
391 1419 421 1503 3,
437 1418 488 1484 18.
525 1417 679 1484 Neratius
699 1417 783 1483 libro
799 1418 939 1503 septimo
955 1419 1104 1486 Membra·

102 1533 227 1577 narum.
249 1546 294 1558 -
317 1507 470 1584 Quamvis
498 1508 533 1571 in
556 1529 626 1572 eam
650 1529 718 1572 renr
741 1529 800 1591 pro
825 1529 917 1574 servo
943 1531 1016 1575 meo
1039 1509 1102 1573 fide

102 1599 248 1683 iusseris,
271 1619 353 1682 quae
375 1596 423 1661 ita
446 1599 614 1662 eontracta
637 1599 695 1677 est,
719 1599 756 1660 nt
778 1596 813 1659 in
832 1618 900 1661 rem
920 1619 1027 1664 meam
1044 1617 1101 1661 rer·

103 1692 239 1772 seretur,
261 1686 362 1751 veluti
386 1687 422 1769 si,
445 1706 518 1749 111111
541 1706 651 1749 servus
675 1685 874 1750 frumentum
898 1687 1029 1752 emisset
1050 1705 1099 1771 qno

102 1775 227 1841 familia
254 1776 407 1855 aleretur,
436 1773 597 1839 venditori
624 1771 779 1838 frumenti
801 1774 1013 1858 fideiusseris,
1039 1794 1097 1858 pro·

101 1865 174 1949 pius
199 1867 395 1944 esttamen,
422 1865 460 1926 ut
482 1862 521 1926 de
544 1862 670 1946 penulio
695 1884 732 1927 eo
755 1864 901 1942 nomine,
925 1886 993 1929 non
1016 1863 1052 1928 da
1071 1862 1096 1925 iu

101 1975 169 2018 rem
193 1974 286 2018 verso
310 1972 406 2037 agere
429 1951 545 2035 possis,
567 1955 604 2015 nt
625 1949 720 2016 unius
742 1949 912 2017 dumtaxat
929 1953 964 2017 in
984 1968 1094 2039 quoquo

100 2046 270 2109 contractu
303 2040 340 2104 de
373 2040 406 2104 in
437 2061 506 2104 rem
538 2062 631 2104 verso
660 2041 703 2104 sit
730 2040 830 2123 aetio,
862 2042 917 2125 qui
946 2041 978 2106 id
1006 2043 1094 2127 ipsun

101 2131 236 2197 eredidit
260 2129 346 2214 quod
369 2129 402 2193 in
425 2150 493 2192 rern
517 2128 639 2194 domini
662 2149 791 2193 versum
816 2135 874 2193 est.

398 2289 448 2353 De
469 2288 644 2354 hereditatis
661 2289 813 2373 petitione.

189 2399 241 2462 57.
264 2396 303 2461 1).
313 2397 345 2478 5,
356 2397 386 2478 3,
396 2395 447 2476 13,
457 2396 487 2460 3.
517 2394 607 2458 Idem
626 2392 684 2480 (so.
699 2393 873 2481 Ulpianus)
892 2395 977 2462 libro
996 2396 1091 2481 quinto
1140 2392 1142 2399 '

100 2487 222 2551 decimo
246 2486 286 2550 ad
310 2485 448 2548 edictum
473 2482 521 2568 (P.
536 2481 626 2568 512).
650 2519 692 2529 -
717 2483 883 2567 (Neratius
908 2485 992 2550 libro
1016 2486 1091 2550 sexto
1141 2532 1143 2537 .

98 2574 361 2639 Membranarum
380 2573 493 2636 scribit
511 2574 551 2635 ab
567 2573 681 2636 herede
695 2572 762 2655 peti
776 2573 990 2638 hereditatem
1004 2591 1094 2659 posse,
1141 2630 1143 2635 .

100 2664 227 2728 etiamsi
251 2665 379 2747 ignoret
401 2684 460 2747 pro
484 2660 600 2724 herede
624 2660 676 2724 vel
694 2682 754 2744 pro
773 2682 962 2744 possessore
983 2662 1093 2727 defunc·

98 2758 168 2816 tum
196 2747 403 2837 possedisse.)
448 2749 534 2814 idem
562 2771 631 2814 esse
659 2750 743 2813 libro
772 2751 910 2833 septimo
941 2751 988 2816 ait
1010 2751 1093 2816 etiam

99 2842 127 2904 si
155 2842 281 2923 putavit
308 2841 400 2903 heres
429 2861 483 2903 eas
509 2860 558 2902 res
584 2860 622 2901 ex
645 2837 706 2901 hao
729 2838 908 2902 hereditate
933 2862 1003 2905 esse
1026 2855 1093 2922 quae

99 2929 161 2992 sibi
186 2929 292 2991 delata
316 2931 374 2992 est.

188 3016 239 3082 58.
263 3017 303 3081 D.
318 3018 348 3099 5,
363 3017 392 3099 3,
406 3014 458 3080 57.
500 3015 653 3080 Neratius
677 3017 761 3081 libro
786 3016 923 3101 septimo
949 3017 1093 3082 Membra·

97 3128 222 3170 narum.
254 3143 291 3150 —
322 3103 403 3169 Cum
437 3106 521 3168 idem
552 3103 686 3168 eandem
713 3105 927 3170 hereditatem
956 3106 1094 3171 adversus

98 3196 177 3260 duos
205 3194 348 3258 defendit
376 3199 408 3256 et
434 3193 606 3257 seeundum
631 3194 769 3258 alterum
793 3195 906 3258 erbis
930 3196 1094 3260 iudicatum

97 3290 155 3365 est,
179 3284 289 3367 quaeri
309 3282 399 3361 solet,
418 3288 525 3346 utrum
545 3283 677 3364 perinde
697 3284 725 3346 ei
744 3282 957 3348 hereditatem
977 3278 1093 3348 restitui

98 3376 262 3456 oporteat,
290 3377 386 3453 atque
415 3375 592 3453 oporteret,
620 3371 648 3434 si
672 3371 826 3435 adversus
851 3372 954 3436 alium
978 3372 1095 3437 defensa

96 3481 163 3525 non
186 3465 283 3542 esset,
307 3466 344 3524 ut
362 3458 485 3523 seilicet
504 3460 531 3523 si
550 3481 625 3523 mox
645 3462 677 3522 et
697 3460 870 3524 seeundum
890 3462 991 3527 alium
1009 3457 1095 3524 fuerit

97 3549 286 3630 iudicatum,
318 3547 505 3612 absolvatur
536 3548 564 3612 is
598 3569 669 3611 cum
701 3570 764 3631 quo
797 3553 906 3614 aetum
937 3555 1000 3631 est,
1031 3545 1094 3633 quia
