2422 3976
1051 143 1093 199 IX

76 313 272 387 veteremque
296 309 478 388 elegantiam
500 309 684 387 praeferunt,
706 329 798 388 quam
820 311 891 371 nori
913 311 1093 388 interpretes

75 400 106 459 in
129 401 251 459 tantum
273 399 361 458 abest
382 401 418 458 ut
440 398 581 476 consequi
597 398 760 477 potuerint,
782 402 818 458 ut
838 418 893 477 per
910 400 1094 477 imperitiam

75 488 198 565 linguae
219 504 309 564 saepe
325 505 449 548 numero
463 505 501 546 ue
518 487 692 564 intelligant
705 482 859 565 quidem'.¹
896 489 1093 564 Mapbaeus

76 579 179 637 autem
197 575 248 635 Ve
254 576 336 654 gius
356 568 511 658 (†1458)
531 569 606 636 ‘tam
624 569 805 656 vehemens',
822 577 930 656 iuquit,
950 571 993 637 ‘et
1010 582 1094 639 reeta

75 665 151 725 iuris
169 665 377 724 consultorum
396 668 429 725 st
442 664 561 725 dioendi
574 667 605 724 et
618 664 743 725 docendi
760 666 848 742 ratio,
861 670 926 726 tam
939 667 1093 746 integrum

10 781 20 797 =
75 757 107 814 et
119 772 197 831 pene
211 753 347 814 divinum
361 757 407 814 est
420 753 573 828 iudioium,
588 753 668 813 utin
682 755 738 814 hoo
753 772 807 814 suo
823 755 974 815 scribendi
983 773 1092 833 genere

74 843 227 902 nemiuem
250 861 353 902 eorum
376 842 546 902 existimem
567 841 620 919 qui
643 842 815 920 eloquentia
840 844 968 921 gloriam
990 845 1093 920 adepti

75 934 156 1007 sunt,
179 949 284 1007 parem
306 931 380 1008 ipsis
402 950 440 991 ne
463 931 561 992 diuam
584 931 769 1007 superiorem
793 950 867 991 esse.
912 932 957 993 ita
978 934 1093 993 tautum

74 1022 130 1097 est,
149 1021 186 1078 nt
208 1020 261 1096 qui
278 1022 368 1079 antea
387 1019 495 1079 auditu
513 1020 607 1080 etiam
624 1020 707 1099 leges
727 1020 928 1097 abhorrerem,
944 1022 1094 1098 coeperim

73 1109 151 1169 miro
189 1109 351 1168 admodum
380 1128 481 1169 amore
508 1109 689 1168 inflammari
716 1109 879 1186 degustata
908 1110 1093 1185 sapientissi-

72 1215 195 1258 morum
213 1197 422 1275 legislatorum
441 1197 610 1258 eruditione
629 1200 661 1257 et
679 1198 838 1274 elegantia.
870 1199 951 1257 inter
969 1201 1093 1274 poetan-

74 1286 147 1345 dum
178 1285 275 1362 igitur
305 1286 525 1346 transferebam
552 1305 599 1346 me
628 1304 842 1362 saepenumero
871 1286 910 1345 ad
936 1286 1093 1347 lectionem

72 1374 285 1454 Digestorum,
313 1376 394 1453 quod
418 1377 449 1435 et
471 1395 551 1436 nuno
574 1374 652 1435 faoio
750 1375 898 1452 pellectus
921 1393 1040 1435 summa
1062 1376 1093 1436 vi

73 1463 206 1542 dicendi,
234 1481 350 1524 summo
374 1464 536 1526 verborum
559 1466 669 1523 ornatu
692 1466 723 1523 et
747 1465 904 1539 splendore
928 1465 1091 1524 sententia-

72 1570 201 1628 rumque
224 1553 392 1630 maiestate,
416 1554 582 1630 plurimum
605 1552 699 1612 etiam
715 1555 972 1630 maximarumque
991 1572 1093 1613 rerum

71 1641 248 1701 traditione.
289 1642 427 1717 persuasi
453 1641 529 1700 mihi
556 1641 717 1718 aliquando
744 1641 821 1701 nihil
852 1642 977 1713 tersius,
1015 1642 1093 1702 nihil

71 1729 256 1805 praeclarius
285 1733 316 1789 et
344 1722 527 1806 sempiterna
554 1731 643 1790 laude
671 1731 791 1808 dignius
819 1729 947 1791 inveniri
969 1724 1093 1805 posse'.²

73 1816 201 1896 denique
225 1817 448 1879 Laurentius
466 1818 575 1879 Valla
592 1811 844 1901 (1407-1457)
867 1819 899 1878 iu
918 1819 1092 1895 Elegantia·

73 1925 142 1964 rum
167 1907 255 1967 libris
279 1902 426 1986 ‘perlegi'‚
449 1908 563 1985 inquit,
589 1902 734 1984 ‘proxime
757 1907 977 1986 quinquaginta
998 1908 1092 1986 Dige-

74 1997 190 2054 storum
212 1995 308 2056 libros
331 2015 367 2056 ex
390 1997 541 2074 plerisque
564 1996 640 2056 iuris
664 1997 870 2057 consultorum
888 1996 1091 2057 voluminibus

72 2087 228 2160 excerptos
252 2087 284 2144 et
307 2085 402 2163 relegi
425 2105 494 2145 oum
516 2085 659 2163 libenter,
686 2088 754 2144 tum
775 2104 846 2145 vero
871 2085 1001 2162 quadam
1024 2104 1092 2145 oum

73 2172 286 2233 admiratione:
309 2174 440 2250 primum
463 2172 543 2251 quod
565 2175 681 2234 nescias
705 2177 809 2233 utrum
834 2173 1029 2252 diligentiaue
1053 2194 1092 2234 an

70 2262 218 2338 gravitas,
244 2263 407 2338 prudentia
434 2281 474 2321 an
500 2262 650 2341 aequitas,
679 2262 806 2323 seientia
832 2281 934 2321 rerum
962 2265 1001 2321 an
1024 2282 1092 2323 ora-

71 2349 163 2410 tionis
187 2349 320 2428 dignitas
343 2354 478 2427 praestet
500 2354 531 2411 et
552 2352 660 2411 maiori
683 2351 768 2411 laudi
788 2350 886 2410 danda
907 2370 972 2411 esse
990 2350 1091 2411 ridea-

70 2441 136 2514 tur3
165 2439 294 2516 denique
323 2441 403 2518 quod
429 2441 504 2500 haee
530 2440 598 2515 ipsa
623 2440 668 2499 ita
695 2440 728 2499 in
755 2459 815 2499 uno
845 2458 965 2517 quoque
988 2458 1092 2498 eorum

71 2528 174 2588 omnia
202 2530 275 2588 sunt
302 2528 425 2607 egregia
453 2531 484 2588 et
510 2529 659 2606 perfecta,
689 2531 725 2588 ut
751 2530 944 2589 vehementer
971 2527 1091 2588 dubites

71 2634 162 2694 quem
199 2617 248 2677 oui
283 2618 514 2694 praeferendum
545 2621 635 2693 putes
665 2662 702 2678 ..
727 2662 734 2677 .
766 2616 943 2693 utinamque
979 2616 1092 2694 integri

70 2705 184 2765 forent!
205 2747 235 2766 ..
255 2707 334 2782 quod
359 2707 398 2765 ad
420 2725 522 2765 meum
543 2707 600 2765 hoo
623 2725 698 2782 opus
723 2706 843 2779 attinet,
865 2721 925 2764 non
943 2705 1090 2765 fraudabo

71 2793 147 2853 iuris
167 2793 337 2854 conditores
357 2795 459 2855 debita
477 2795 567 2855 laude
583 2814 693 2870 ...per
712 2795 918 2873 quotidianam
931 2793 1092 2853 leotionem

71 2882 272 2960 Digestorum
299 2887 331 2943 et
357 2902 475 2960 semper
502 2883 605 2961 aliqua
630 2902 667 2942 ex
698 2886 784 2960 parte
813 2882 971 2942 incolumis
999 2885 1091 2959 atque

70 2970 103 3029 in
124 2972 239 3031 honore
262 2971 321 3031 fuit
342 2972 450 3051 lingua
472 2972 616 3048 Romana,
639 2974 671 3032 et
693 2971 778 3032 brevi
802 2990 888 3030 suam
910 2971 1091 3048 dignitatem

71 3061 163 3136 atque
187 3060 416 3136 amplitudinem
439 3053 674 3137 recuperabit'.³

146 3179 170 3229 1.
190 3174 315 3246 Sarigny
333 3177 353 3231 l.
372 3194 395 3232 o.
414 3175 455 3230 Vl
473 3180 576 3246 ptis.

146 3251 172 3301 Ἃ.
192 3245 320 3317 Savigny
337 3247 357 3302 l.
375 3263 398 3304 o.
416 3266 445 3318 p.
460 3252 521 3302 4³0.

142 3320 168 3370 3.
186 3315 268 3372 Hune
286 3318 380 3373 losum
399 3336 416 3373 a
435 3317 577 3387 Savignio,
596 3318 645 3373 uhi
663 3319 698 3373 de
712 3316 797 3372 Valla
815 3314 929 3371 disserit
944 3314 1001 3398 (Vl,
1016 3313 1090 3383 438),

70 3402 128 3441 non
146 3387 267 3443 allatum
285 3389 433 3459 proposuit
453 3388 536 3458 Hugo
556 3389 586 3443 in
603 3405 650 3472 oo²
668 3405 752 3457 quem
770 3386 892 3457 primum
913 3387 1003 3440 edidit
1019 3385 1092 3440 libro

72 3472 97 3513 a.
120 3463 203 3515 1789:
234 3460 360 3514 ‘Eduard
390 3459 517 3517 Gibbone
549 3460 716 3516 hietousohe
749 3447 901 3514 Ubersioht
936 3458 985 3512 des
1021 3462 1093 3510 rbm.

75 3528 188 3586 Reohts'
208 3548 237 3601 p.
252 3536 352 3601 illsq.
954 3557 957 3562 v
