2422 3976
93 191 159 256 428
196 190 229 246 V.
248 189 398 245 NERVAE
417 188 465 243 ΕΤ
483 188 635 244 TRAIAM
652 188 758 245 ΤΕΜΡ.
775 189 872 244 IURIS
891 187 1070 245 CONSULTI

92 354 188 435 fundi
214 359 374 438 emeretrrr,
400 354 568 418 carendum
589 358 684 435 putat
709 373 770 418 esse
792 353 894 418 Labeo
910 373 971 435 per
993 357 1022 416 te
1043 372 1107 418 nou

92 443 176 526 pieri,
198 463 257 523 quo
279 443 383 506 miuus
404 463 438 506 eo
460 444 528 506 iure
548 445 595 506 uti
611 444 725 524 possit,
747 442 821 524 quia
843 441 934 506 nulla
956 441 1107 506 eiusmodi

93 532 175 595 iuris
198 551 296 596 aeona
319 531 445 596 traditio
468 535 548 596 esset.
585 550 636 612 eqo
655 536 730 612 puto
753 551 844 595 usum
866 531 933 595 eius
951 531 1034 594 iuris
1048 549 1105 612 pro

93 620 259 684 traditione
281 621 482 701 possessionis
504 620 713 700 accipiendum
735 639 796 684 esse
818 621 941 700 ideoque
963 623 993 684 et
1014 619 1103 683 inter·

93 708 175 773 dieta
197 709 291 772 ueluti
306 711 496 790 possessorio
519 709 682 773 constituta
703 713 784 773 sunt.

184 797 257 862 108.
276 796 315 861 D.
329 797 480 879 18‚1‚80‚
493 799 519 861 1.
548 794 656 861 Labeo
671 797 752 861 libro
764 796 877 880 quinto
888 797 1097 878 posteriorum

95 908 114 949 a
131 885 284 951 Iavoleno
304 885 563 968 epitomatorem.
577 922 621 931 -
634 885 742 951 Huius
760 886 806 949 rei
823 885 1005 966 emptionem
1018 903 1099 966 posse

93 976 163 1058 fieri
185 975 269 1038 diui:
298 973 386 1055 ‘quae
409 995 446 1038 eu
468 975 543 1038 meis
565 975 689 1039 aedibus
711 976 746 1038 in
769 979 838 1038 tuos
861 974 949 1039 aedes
966 974 1094 1054 proiecta

93 1068 177 1144 suut,
209 1067 245 1126 ut
275 1083 312 1126 ea
343 1063 421 1127 mibi
452 1064 497 1126 ita
529 1062 636 1127 babae
668 1062 777 1147 diseat,
812 1063 905 1144 deque
937 1083 973 1128 ea
1004 1082 1036 1126 re
1065 1079 1094 1124 en

94 1157 192 1233 empto
214 1172 274 1234 am·
386 1228 434 1286 De
455 1229 530 1287 siloa
553 1229 663 1287 oaedna
684 1229 808 1287 vendita.

185 1328 259 1393 109.
283 1328 321 1392 D.
335 1328 411 1392 ibid.
425 1330 444 1408 ξ
460 1329 488 1392 2.
507 1365 550 1375 —
570 1326 657 1393 Silua
676 1330 791 1393 caedua
809 1328 843 1392 in
861 1327 1088 1410 quinquennium
1127 1378 1130 1399 ,

95 1419 238 1482 venierat.
280 1417 489 1500 quaerebatur,
512 1438 581 1482 aum
600 1417 694 1500 pians
715 1418 878 1500 decidisset,
900 1419 1002 1482 utrius
1022 1415 1086 1480 asset.
1125 1404 1130 1429 ⁴

96 1507 158 1571 seio
185 1505 326 1570 Seruum
351 1508 552 1588 respondisse,
572 1507 716 1588 primum
737 1507 921 1586 sequendum
944 1498 1087 1585 essequod

95 1599 258 1676 appareret
287 1599 388 1658 aetum
417 1615 495 1671 esse;
525 1596 661 1676 quodsi
687 1596 722 1659 in
749 1595 873 1659 obseura
899 1599 986 1677 esset,
1014 1608 1084 1674 quor

96 1702 223 1763 eumque
247 1683 339 1764 qtans
366 1704 403 1748 en
428 1684 477 1748 bis
504 1684 665 1748 arboribus
691 1704 768 1765 quae
794 1704 899 1748 eaesae
925 1703 988 1748 non
1008 1679 1086 1746 essent

96 1771 259 1853 residisset,
281 1773 447 1836 venditoris
469 1793 543 1854 esse,
566 1793 634 1837 eam
656 1778 766 1851 autem,
788 1793 866 1853 quae
888 1773 924 1836 in
947 1768 1085 1837 arbutus

94 1857 205 1939 fuisset
226 1880 259 1923 eo
282 1864 411 1942 tempore
429 1881 497 1925 urrn
519 1861 591 1926 bare
612 1863 814 1940 eaedaentur,
838 1860 989 1941 emptoris.

375 2026 422 2084 De
443 2027 574 2085 venditae
595 2028 639 2085 rei
662 2027 821 2085 traditione.

189 2126 260 2191 110.
288 2125 327 2190 D.
343 2126 419 2190 ibid.
435 2129 454 2206 ἓ
470 2127 499 2190 3.
523 2164 565 2173 —
589 2127 687 2191 Nemo
709 2131 808 2208 potest
833 2127 931 2191 uideri
953 2146 1018 2190 eam
1037 2139 1086 2186 reu

97 2216 277 2296 uendidisse,
304 2216 339 2278 de
361 2217 448 2279 ouius
470 2217 605 2279 dominio
627 2217 663 2279 to
683 2217 799 2297 aqitur,
821 2236 859 2277 ne
882 2216 925 2279 ad
946 2218 1087 2296 emptorau
1128 2238 1130 2245 ·

98 2309 243 2385 transeat,
261 2305 314 2368 seot
331 2303 385 2367 boo
405 2309 460 2368 aut
474 2305 581 2368 locatio
595 2309 639 2368 est
650 2309 707 2368 aut
720 2303 808 2367 atiud
817 2324 914 2385 qenus
927 2305 1086 2368 ooutraotra.
1127 2278 1130 2353 Ϋ

188 2393 261 2457 111.
298 2391 336 2456 D.
361 2392 417 2472 41,
442 2395 477 2473 2,
499 2393 550 2457 51.
600 2392 770 2456 Iavolenus
802 2392 887 2456 libro
921 2394 1030 2475 quinto
1059 2407 1086 2449 ex

97 2479 330 2564 posterioribus
363 2479 532 2545 Labeonis.
564 2517 600 2527 —
633 2480 837 2560 Quarundam
868 2501 973 2544 rerum
1001 2478 1087 2543 anim

93 2572 313 2650 possessionem
345 2571 443 2650 apisci
473 2591 528 2634 nos
560 2572 607 2634 ait
634 2570 748 2646 Labeo,
783 2570 876 2633 vetuti
907 2572 936 2634 si
966 2581 1088 2633 mauram
1128 2636 1130 2643 Ι

98 2658 251 2739 tiqnorum
274 2679 371 2722 emero
390 2665 418 2722 et
435 2679 503 2721 eum
521 2661 657 2723 uenditor
676 2659 777 2722 toliere
794 2678 842 2721 me
860 2659 990 2738 iusserit,
1011 2649 1087 2721 simut
1128 2676 1130 2681 ·

97 2752 187 2826 atque
210 2749 377 2811 custodiam
397 2748 575 2829 posuissem,
600 2748 733 2811 traditus
754 2746 833 2810 mibi
854 2749 982 2811 ridetur.
1025 2745 1087 2808 11111

98 2835 178 2898 iuris
201 2854 262 2899 esse
284 2837 354 2899 aino
377 2838 503 2919 vendito,
526 2857 596 2900 oum
617 2836 777 2899 uniuersae
798 2835 965 2916 anqoborae
982 2834 1041 2899 uini
1055 2829 1086 2894 si·
1128 2868 1130 2873 -

98 2923 165 2987 mut
186 2929 290 2987 esseut.
335 2925 573 3007 sebarianus,
595 2926 705 3005 inquit,
727 2945 765 2987 ne
786 2924 858 2987 boae
880 2925 951 3004 ipsa
974 2917 1088 3004 eorporis
1128 2930 1130 2964 ³

99 3012 224 3074 traditio
247 3014 296 3089 sit,
319 3015 393 3092 quia
411 3012 490 3076 nibil
507 3015 640 3095 interest,
663 3019 768 3075 utrum
786 3013 863 3075 aiibi
881 3034 924 3076 an
943 3017 972 3076 et
988 3007 1088 3076 audibit

98 3101 240 3163 iusserim
262 3103 398 3165 eustadio
419 3103 571 3166 tradatur.
612 3103 647 3164 iu
665 3122 697 3165 eo
711 3106 788 3183 puto
805 3101 885 3164 bane
903 3103 1087 3182 quaestionum

98 3190 264 3272 consistere,
288 3210 339 3272 au,
361 3190 483 3254 etiamsi
505 3211 626 3272 corpore
648 3210 773 3254 aoerous
794 3194 851 3253 aut
871 3190 1032 3272 amphorae
1047 3182 1086 3247 ad·
1128 3256 1130 3261 ,

93 3278 259 3358 protensae
290 3298 352 3341 nou
383 3283 468 3356 sunt,
504 3279 601 3343 nitito
632 3280 736 3342 minus
768 3280 901 3342 traditae
931 3279 1085 3344 ouantem
1128 3286 1130 3371 1

98 3366 179 3430 nibil
205 3367 289 3430 uideo
315 3367 468 3449 iuteresse,
500 3373 605 3431 utrum
631 3369 696 3449 ipse
722 3387 863 3431 ooeroum
891 3389 935 3431 an
961 3362 1085 3430 manaae

98 3474 163 3517 meo
192 3455 307 3536 aliquis
334 3457 497 3532 custodiat;
530 3457 691 3536 utrubique
718 3456 819 3520 animi
845 3458 977 3537 quodam
999 3463 1085 3537 penate

92 3544 243 3624 possessio
266 3544 324 3607 erit
345 3545 545 3608 aestimanda.

1049 3827 1054 3837 .
1124 3666 1130 3787 1
