2422 3976
366 206 390 255 6.
413 196 622 253 IAVOLENUS
640 197 787 254 muscos
1014 203 1080 266 471

68 365 224 431 motionem
249 365 316 429 cius
341 362 528 443 conferatur.
573 382 627 426 uec
643 368 744 445 potest
768 364 867 428 uideri
888 366 924 429 id
937 370 1079 447 praestu-

10 480 12 495 =
70 458 156 519 turm
177 454 262 537 quod
281 453 365 517 atius
381 452 526 533 possidet,
548 471 618 515 cum
640 453 758 517 actioue
777 454 921 518 muudcti
937 456 1080 537 consequi

68 564 132 609 rem
157 542 270 625 possit,
298 542 344 605 itu
369 544 404 605 ut
430 545 486 604 out
512 540 576 620 ipse
597 544 732 622 patrono
759 543 902 607 restituat
931 547 988 607 out
1009 564 1080 608 eum

10 636 12 705 ξ
69 652 135 697 mm
152 652 212 714 quo
229 632 414 695 mundatum
431 629 585 693 contraxit
601 630 757 694 restituere
774 635 868 714 eopot.
904 633 980 712 quid
996 634 1079 697 euim

10 726 12 731 '
67 722 209 800 deuius,
230 720 261 784 si
283 720 312 784 is
332 719 387 800 qui
408 718 444 781 iu
461 737 495 781 re
512 719 710 798 interpositus
727 724 778 800 ost,
801 720 882 783 uitii
899 721 967 784 doto
984 721 1080 801 fecit?

68 830 129 875 uou
151 808 368 885 dubitabimus,
390 807 467 888 qrciu
488 807 683 871 omnimodo
705 827 775 871 eum
796 829 829 872 oo
852 809 905 890 cpi
926 829 989 873 uou
1006 829 1080 891 pos-

67 898 114 963 sit.
167 897 245 980 quid
274 895 378 961 euim?
410 892 505 959 uuml
535 899 632 975 potest
657 897 755 960 oideri
781 897 849 960 doio
874 896 992 981 fecisse,
1024 899 1080 979 qui

65 988 158 1071 fidem
178 1006 271 1052 suam
293 986 392 1050 emico
414 985 615 1048 commodavit
637 989 670 1048 et
690 983 813 1070 magis²
831 986 891 1049 olii
908 1007 1002 1069 quum
1020 987 1081 1051 sibi

63 1096 103 1141 eu
124 1075 227 1141 leberti
247 1075 361 1155 fraude
382 1069 574 1155 adquisiit?8

380 1232 432 1297 De
451 1232 590 1312 formula
612 1232 768 1297 Fobiouo.

157 1350 207 1415 19.
226 1348 361 1413 Lacinia
375 1348 620 1412 membranacea
636 1369 673 1411 ex
684 1347 835 1432 Aegypto
845 1348 1076 1414 Vindobonam

60 1439 100 1504 in
125 1437 350 1504 collectionem
377 1435 521 1519 Rayneri
551 1436 729 1500 archiducis
756 1437 849 1500 illata
877 1438 912 1501 in
942 1436 1076 1503 Collecti.

63 1528 138 1594 libr.
157 1527 216 1592 iur.
236 1526 296 1591 civ.
315 1524 363 1590 lll
378 1548 408 1609 p.
427 1525 502 1589 300.
526 1562 567 1571 -
592 1573 621 1589 ..
644 1526 680 1589 dc
702 1526 755 1589 iilo
778 1528 947 1608 proceritur,
969 1528 998 1591 si
1015 1548 1076 1609 pro

61 1616 192 1682 muliere
217 1617 315 1680 dotem
341 1615 468 1696 dederit,
495 1615 565 1696 puis
591 1618 728 1679 teneatur
754 1614 812 1678 boc
831 1614 977 1694 formula.
1023 1617 1077 1680 sed

61 1707 99 1771 im
122 1705 282 1788 proposito
308 1708 337 1768 et
362 1701 526 1768 Iuooieuus
553 1705 711 1785 confitetur
737 1724 806 1767 cum
833 1705 899 1768 oiro
927 1705 1077 1769 octiouem

61 1814 127 1860 csse
148 1798 178 1859 ct
198 1794 234 1858 id
253 1791 288 1856 in
309 1792 357 1856 rei
379 1793 508 1856 uuorioe
530 1791 690 1855 actionem
713 1793 858 1857 dissoluto
877 1794 1077 1858 motrimom‘o

61 1904 131 1949 non
152 1878 282 1947 uenire*

153 1972 207 2037 20.
235 1970 316 2034 lbid.
341 2006 381 2014 —
407 1968 470 2033 Sed
498 1969 526 2033 si
555 1969 671 2034 marito
701 1969 879 2033 debitorem
903 1990 994 2034 suum
1017 1972 1080 2035 ius·

59 2060 139 2127 serit
173 2061 272 2125 dotem
303 2059 481 2140 promittere
517 2058 653 2138 libertus,
693 2060 856 2122 secuudum
897 2058 1079 2123 Ioooteuum

61 2150 187 2233 quidem
209 2152 325 2230 etpost
345 2148 511 2212 diuortium
533 2148 598 2226 ipsc
620 2147 774 2226 teuebitur,
797 2151 832 2210 ut
853 2148 986 2211 oetioues
1004 2167 1080 2212 suus

57 2242 207 2321 praestet,
235 2239 264 2301 si
290 2238 428 2300 uoudum
455 2236 566 2317 ecepit;
594 2236 647 2299 sod
673 2237 701 2299 si
728 2236 818 2317 culpo
844 2237 910 2299 eius
936 2236 1079 2301 soioeudo

60 2346 127 2393 esse
147 2326 240 2392 desiit
261 2326 389 2408 debitor,
407 2325 544 2406 periculo
563 2325 692 2404 putroui
709 2325 810 2406 periit.

482 2551 590 2610 Liber
613 2550 664 2610 IV.

438 2659 488 2724 De
511 2662 704 2726 tcstcmcutis.

152 2778 207 2843 21.
235 2777 274 2842 D.
289 2777 340 2862 29,
355 2777 385 2859 2,
401 2778 451 2841 76.
496 2775 666 2841 Iavolenus
694 2776 777 2840 libro
803 2778 920 2859 quarto
945 2774 1079 2860 Epistu-

63 2868 181 3016 lamnl:
212 2953 250 3020 Si
281 2959 314 3018 tu
346 2975 383 3019 eu
405 2959 496 3035 purte
525 2958 611 3017 seete
637 2954 691 3017 sub
718 2954 891 3017 coudicioue
916 2954 1078 3018 iustitutus

59 3044 177 3127 fuisses
199 3043 283 3108 beros
304 3049 334 3107 et
354 3045 507 3107 omittente
524 3048 647 3123 purtem
670 3063 761 3106 suom
781 3043 871 3123 Titio,
895 3043 945 3106 oui
967 3042 1078 3106 substi-

61 3138 147 3199 tutus
178 3152 261 3211 erus,
293 3152 331 3197 eu
361 3132 572 3196 substitutione
604 3128 774 3213 creuisses5,
808 3132 915 3195 deiude
942 3131 1078 3195 coudicio

135 3296 151 3344 1
171 3288 220 3344 Fi.
239 3305 304 3344 non.
341 3294 356 3342 2
377 3287 423 3342 Ft.
444 3285 633 3342 commodavit
651 3304 734 3355 quam
754 3287 811 3341 alii.
849 3293 864 3339 3
883 3287 971 3340 Lenel
989 3286 1077 3340 verba

62 3360 162 3432 ‘quam
181 3359 232 3415 elii
251 3402 257 3414 .
274 3402 301 3415 ..
321 3358 466 3427 adquisiit'
486 3359 680 3411 transferenda
704 3376 763 3412 esse
781 3359 863 3428 putat
882 3362 946 3424 post
966 3358 1005 3412 ‘in
1023 3357 1078 3412 re’.

61 3439 79 3488 4
105 3432 195 3488 Leuci
221 3429 251 3487 P.
271 3430 298 3484 Π
317 3428 368 3485 col.
392 3436 459 3483 1231
489 3428 620 3484 coniecit:
651 3429 691 3482 ‘et
716 3430 792 3483 idem
820 3427 963 3502 p<robat>
992 3429 1078 3482 etiam

60 3502 202 3558 dissoluto
220 3499 412 3568 matrimonio,
442 3500 491 3554 sed
509 3500 605 3554 venire
623 3498 726 3572 t<unto
745 3499 836 3553 minus
855 3501 885 3554 in
903 3499 945 3554 rei
963 3501 1078 3555 uxoriae

59 3576 212 3631 ustionem.
250 3573 341 3645 sed>’.
415 3573 527 3626 odito.
547 3572 661 3627 adisses.
