2422 3976
389 178 415 226 4.
439 171 469 225 L.
488 168 672 224 NERATIUS
689 168 837 226 Palscos
1051 170 1116 235 315

126 331 184 397 sint
218 334 303 421 quod
326 333 367 399 ad
391 355 521 399 causam
544 337 655 397 tamen
672 333 749 397 talis
767 331 860 398 taciti
881 333 1025 419 pignoris
1044 355 1116 420 per·

126 421 203 506 tinet,
222 444 288 489 non
311 423 450 487 multum
474 423 513 486 ab
538 421 669 486 urbanis
692 420 832 506 praediis
856 422 1016 487 differunt.

196 528 236 594 6?
255 529 295 595 D.
303 529 357 613 20,
364 530 395 611 2,
403 529 433 593 3.
470 527 628 614 Ulpianus
642 528 726 593 libro
743 530 1003 613 septuagensimo
1017 530 1116 596 tertio

126 615 156 679 ad
182 618 327 684 edictum
357 653 395 665 -
427 616 461 682 si
492 617 645 682 horreum
677 616 740 680 fuit
768 617 959 682 conductum
986 619 1037 683 vel
1066 618 1117 683 de

127 707 282 773 rorsorium
307 707 359 771 vel
384 729 467 789 area,
490 706 624 771 tacitam
648 706 891 771 couventionem
916 706 954 770 de
978 707 1115 773 invectis

127 789 205 861 illatis
227 796 327 860 etiam
349 796 384 859 in
407 794 459 859 his
482 795 589 860 locum
612 794 732 859 habere
754 797 850 878 putat
872 793 1034 860 Neratius.

195 906 341 985 Ulpianus
365 907 450 966 addit
468 900 560 983 ‘quod
576 907 678 967 verius
698 901 763 965 ast'.

194 996 408 1074 Fragmentum
426 995 522 1054 eidem
544 995 622 1054 libro
646 995 873 1054 attribuendum
896 993 976 1054 duxi,

461 1167 511 1232 De
533 1167 593 1250 depe
616 1167 757 1250 Aquilia.

196 1277 223 1340 7.
241 1274 279 1339 D.
287 1275 318 1357 9,
326 1273 416 1356 253.
453 1272 606 1337 Neratius
621 1273 706 1338 libro
721 1272 827 1357 primo
842 1271 1114 1338 Membranarum.

125 1361 275 1428 -Boves
304 1364 426 1428 alienos
454 1363 488 1426 iu
515 1366 691 1444 angustum
719 1363 826 1426 locum
854 1362 989 1447 coegisti
1013 1385 1114 1447 eoque

122 1447 251 1517 effectum
275 1455 335 1534 est,
357 1455 394 1514 ut
418 1450 630 1516 deicerentur:
654 1451 748 1515 datur
769 1452 802 1516 iu
821 1456 854 1516 te
873 1450 913 1515 ad
934 1452 1113 1535 exemplum

124 1531 188 1622 legis
209 1539 358 1624 Aquiliae
381 1541 415 1603 in
439 1540 559 1603 factum
583 1539 677 1604 actio.

192 1636 227 1695 cf.
247 1634 312 1695 aas
331 1636 359 1709 a,
380 1636 452 1693 219.

409 1805 458 1870 De
480 1805 566 1871 bonis
587 1805 803 1871 distrahendis.

191 1914 219 1979 8.
252 1912 291 1979 D.
311 1914 364 1995 27,
380 1912 430 1995 10,
445 1912 474 1976 9.
523 1911 677 1976 Neratius
705 1912 790 1978 libro
816 1915 923 1997 primo
951 1913 1113 1980 Membra-

113 2019 223 2066 narum.
249 2038 287 2048 -
318 1999 417 2066 Cuius
446 2001 539 2065 bouis
568 2001 785 2065 distrahendis
813 2006 978 2067 curatores
1007 2002 1113 2068 facere

111 2095 231 2155 senatus
256 2089 419 2175 permisit,
447 2091 515 2153 eius
539 2091 625 2154 bona
648 2089 859 2155 creditoribus
883 2091 1022 2155 vendere
1044 2112 1111 2155 nou

108 2180 261 2263 permisit,
290 2179 438 2264 quamvis
462 2178 635 2242 creditores
659 2184 735 2262 post
758 2180 790 2242 id
814 2180 1004 2244 beneficium
1028 2179 1113 2243 bona

107 2269 236 2333 rendere
251 2267 400 2351 mallent;
420 2266 503 2332 sicut
517 2268 602 2331 enim
616 2266 744 2351 integra
758 2289 791 2331 re
806 2272 950 2350 potestas
966 2268 1111 2350 ipsorum

103 2366 149 2422 est
176 2362 286 2422 utrum
310 2357 412 2420 velint
436 2356 589 2439 eligendi,
617 2356 664 2420 ita
687 2377 759 2420 cum
784 2356 920 2420 alterum
946 2356 1112 2439 elegerint,

104 2448 201 2512 altero
236 2446 399 2510 abstinere
428 2444 555 2509 debent.
604 2446 769 2528 multoque
798 2446 900 2528 magis
929 2444 961 2507 id
990 2446 1112 2509 servari

101 2556 237 2621 aequum
271 2539 333 2614 est,
365 2534 392 2597 si
421 2534 518 2597 etiam
546 2533 652 2598 factus
681 2540 730 2596 est
757 2539 899 2616 curator,
930 2554 987 2616 per
1017 2554 1112 2616 quem

101 2622 185 2690 bona
217 2621 491 2698 distraherentur,
525 2623 670 2705 quamvis
704 2622 844 2685 nondum
878 2622 1041 2703 explicato
1073 2643 1111 2687 eo

99 2712 232 2798 negotio
246 2712 425 2776 decesserit.
462 2733 538 2775 nam
553 2715 585 2773 et
598 2715 674 2774 tunc
689 2731 728 2773 ex
741 2711 868 2794 integro
884 2711 967 2774 alius
983 2714 1112 2776 curator

98 2800 265 2867 faciendus
289 2803 339 2864 est
361 2820 463 2884 neque
486 2800 580 2864 heres
603 2800 720 2882 prioris
743 2800 900 2863 curatoris
920 2800 1112 2884 onerandus,

97 2911 171 2955 oum
196 2888 340 2954 accidere
362 2889 475 2970 possit,
498 2891 534 2951 ut
556 2890 687 2971 negotio
711 2889 762 2950 vel
785 2893 917 2971 propter
941 2909 1035 2953 sexus
1061 2891 1111 2953 vel

96 2982 231 3064 propter
264 2976 381 3042 aetatis
414 2976 636 3040 infirmitatem
669 2976 721 3039 vel
754 2980 887 3060 propter
917 2977 1111 3061 dignitatem

96 3066 255 3134 maiorem
274 3065 481 3147 minoremve,
502 3087 599 3149 quam
617 3064 651 3127 in
670 3064 778 3147 priore
798 3069 945 3130 curatore
965 3070 1111 3148 spectata

96 3160 181 3240 erat,
208 3154 329 3220 habilis
352 3175 418 3218 non
442 3155 498 3236 sit,
520 3153 648 3237 possint
671 3153 768 3217 etiam
792 3155 899 3237 plures
922 3153 1056 3218 heredes
1081 3154 1110 3216 ei

98 3246 235 3310 existere
262 3264 365 3328 neque
394 3247 451 3306 aut
478 3263 534 3325 per
563 3263 674 3306 omnes
703 3242 736 3305 id
764 3243 931 3326 negotium
959 3240 1111 3305 adminis-

95 3333 178 3400 trari
202 3331 352 3415 expediat
375 3337 430 3396 aut
454 3331 624 3416 quicquam
648 3331 709 3395 dici
732 3332 845 3416 possit,
869 3353 925 3395 cur
948 3351 1029 3393 unus
1050 3329 1109 3392 ali-

97 3423 167 3507 quis
192 3444 231 3485 ex
254 3420 307 3484 his
331 3421 535 3503 potissimum
559 3420 741 3484 onerandus
765 3419 815 3484 sit.

187 3532 233 3591 De
243 3537 415 3592 senatorum
426 3532 511 3592 bonis
519 3531 680 3591 vendendis
689 3530 948 3591 senatusconsulto
956 3529 1110 3607 statuitur,
