2422 3976
98 202 166 266 554
465 197 740 254 scurranum.

97 385 174 428 suae
211 361 400 427 bracchium
435 366 491 426 aut
526 362 640 445 pedem
672 361 812 426 alienum
844 361 1015 446 adiecerit,
1052 366 1107 428 aut

98 452 219 537 scypho
254 474 365 515 ansam
393 452 443 515 vel
471 450 621 533 fundum,
653 450 705 514 vel
737 450 931 515 candelabro
965 451 1106 536 sigillum

98 544 155 605 aut
186 561 316 604 mensae
347 539 476 622 pedem,
510 538 674 603 dominum
707 538 773 602 eius
806 539 909 603 totius
942 540 990 604 rei
1024 540 1107 604 effici

97 650 234 712 vereque
267 632 408 692 statuam
441 649 532 692 suam
564 628 724 692 dicturum
758 631 790 691 et
822 627 980 712 scyphum
1012 629 1106 713 pleri·

98 739 160 802 que
185 767 214 781 ..
238 717 359 781 dicunt.

186 820 222 879 cf.
243 839 272 895 p.
288 820 338 879 65.

188 922 259 985 121.
287 919 325 984 D.
341 920 375 1001 6,
391 919 472 1003 1,5,
492 922 521 984 1.
562 917 720 1001 Ulpianus
748 918 832 983 libro
861 923 953 984 sexto
981 917 1102 984 decimo

98 1009 138 1074 ad
166 1009 315 1074 edietum.
338 1044 381 1054 -
408 1006 498 1072 Idem
527 1005 583 1092 (sc.
611 1005 823 1092 Pomponius)
851 1007 980 1092 scribit,
1015 1008 1043 1073 si
1070 1030 1104 1072 ex

98 1098 192 1162 melle
225 1119 309 1179 meo,
343 1097 416 1161 vino
448 1100 505 1160 tuo
537 1096 658 1160 factum
691 1096 733 1160 sit
763 1096 918 1179 mulsum,
951 1097 1104 1181 quosdam

95 1185 299 1250 existimasse
321 1184 354 1249 id
379 1234 408 1250 ..
432 1184 671 1250 communicari.

188 1275 259 1338 122.
286 1273 398 1358 1141,
417 1274 445 1358 1,
465 1274 494 1354 7,
514 1275 542 1338 7.
584 1272 682 1337 Gaius
710 1273 794 1337 libro
818 1272 959 1338 secundo
984 1273 1101 1339 Rerum

97 1361 357 1428 Cottidianarum
381 1362 448 1426 sive
472 1361 662 1426 Aureorum.
688 1397 726 1408 -
751 1359 813 1424 Est
839 1411 875 1426 ..
900 1360 1008 1426 media
1038 1384 1102 1426 seu-

95 1452 198 1515 tentia
217 1500 247 1515 ..
266 1450 529 1534 existimantium,
548 1451 575 1514 si
594 1449 715 1533 species
735 1449 774 1513 ad
793 1450 966 1515 materiam
988 1450 1101 1515 reverti

96 1541 210 1624 possit,
232 1539 338 1604 verius
358 1560 436 1622 esse,
455 1539 539 1621 quod
559 1537 699 1603 Sabinus
718 1542 751 1601 et
769 1535 901 1603 Cassius
920 1543 1100 1622 senserunt3

97 1627 124 1691 si
146 1649 210 1691 non
231 1627 335 1710 possit
353 1629 478 1708 reverti,
501 1627 607 1693 verius
627 1648 705 1710 esse,
724 1626 809 1710 quod
826 1624 957 1692 Nervae
976 1633 1010 1692 et
1027 1626 1099 1692 Pro·

96 1715 168 1779 culo
199 1716 329 1799 placuit.
375 1715 582 1782 ..uidentur
613 1719 722 1780 tamen
748 1714 830 1778 mihi
856 1719 946 1780 recte
975 1715 1100 1801 quidam

97 1803 215 1868 dixisse
245 1826 311 1868 non
340 1804 453 1868 debere
486 1804 627 1869 dubitari
660 1803 737 1887 quin
770 1802 884 1867 alienis
923 1804 1021 1888 spicis
1052 1827 1099 1868 ex·

94 1913 224 1956 cussum
251 1891 448 1957 frumentum
476 1894 544 1956 eius
573 1892 628 1974 sit,
655 1892 744 1956 cuius
772 1895 804 1955 et
833 1892 942 1976 spicae
965 1892 1097 1957 fuerunt

186 1980 259 2046 123.
282 1980 306 2044 Ι.
320 1982 351 2065 2,
364 1986 390 2064 1,
401 1982 452 2046 34.
465 2017 507 2027 -—
526 1979 560 2046 Si
575 1981 645 2064 quis
661 1981 694 2043 in
709 1980 812 2044 aliena
826 1981 940 2045 tabula
955 1982 1097 2065 pinxerit,

96 2071 226 2153 quidam
253 2074 369 2153 putant
390 2071 536 2134 tabulam
558 2071 702 2153 picturae
726 2068 851 2152 cedere,
879 2070 954 2133 aliis
979 2071 1096 2134 videtur

96 2158 263 2241 picturam,
289 2158 527 2241 qualiscumque
552 2158 603 2240 sit,
626 2158 757 2222 tabulae
780 2157 901 2222 cedere.

185 2271 219 2328 es.
245 2269 308 2328 cu.
338 2270 378 2345 Π,
398 2273 447 2329 aa.
536 2296 539 2301 ·

323 2423 373 2487 De
395 2424 582 2506 adquirendo
604 2444 707 2486 reram
730 2424 874 2487 dominio.

186 2548 258 2611 124.
283 2546 351 2610 Gai.
367 2549 481 2626 3,166.
496 2583 537 2592 -
553 2597 560 2610 .
576 2597 582 2610 .
602 2547 657 2629 qui
675 2548 793 2610 nudum
812 2548 862 2610 ius
880 2546 1050 2622 Quiritium
1066 2546 1092 2607 iu

95 2657 188 2700 servo
218 2637 328 2716 habet,
352 2637 428 2700 licet
451 2637 599 2699 domiuus
624 2635 680 2716 sit,
703 2636 810 2699 minus
833 2640 945 2700 tamen
970 2637 1046 2699 iuris
1065 2635 1091 2696 in

96 2747 134 2788 ea
153 2747 186 2787 re
207 2725 324 2788 hahere
344 2725 539 2808 intelligitur
559 2746 653 2807 quam
673 2723 930 2788 usufructuarius
951 2729 983 2788 et
1001 2726 1090 2788 honae

95 2812 171 2874 fidei
196 2834 373 2895 possessor.
410 2835 483 2876 nam
507 2813 614 2896 placet
637 2833 674 2875 ex
696 2814 784 2876 nulla
807 2835 907 2876 causa
931 2815 960 2876 ei
981 2808 1089 2896 adquiri

95 2921 203 2981 posse,
239 2901 318 2965 adeo
352 2905 387 2965 ut
415 2902 513 2965 etiam
540 2901 732 2963 nominatim
765 2901 793 2963 ei
826 2901 897 2964 dari
931 2902 1087 2984 stipulatus

93 2989 193 3051 fuerit
222 3012 346 3071 servus,
370 2989 568 3072 mancipiove
591 2989 720 3052 nomine
745 2991 812 3053 eius
837 2992 1012 3074 acceperit,
1034 2986 1086 3071 qui·

96 3077 170 3140 dam
195 3078 379 3141 existiment
402 3077 483 3141 nihil
507 3078 536 3140 ei
560 3077 692 3161 adquiri.

343 3246 392 3310 Dc
408 3247 597 3327 possessione
619 3250 648 3309 et
668 3247 860 3327 ceccupioae.
893 3210 900 3221 .

185 3369 257 3434 125.
280 3367 317 3432 D.
333 3370 385 3451 41,
399 3371 429 3450 2,
444 3371 472 3450 3,
489 3371 539 3434 16.
572 3367 690 3433 Paulus
709 3369 791 3433 libro
812 3369 1084 3455 quinquagensimo

94 3462 210 3539 quarto
235 3458 273 3520 ad
298 3458 446 3522 edictum.
473 3495 509 3503 -
532 3456 669 3531 Quidam
689 3511 695 3523 .
714 3508 722 3524 .
742 3462 857 3540 putant
879 3460 1036 3524 columbas
1052 3505 1057 3518 .
1071 3499 1083 3530 .‚

94 3566 175 3627 quae
210 3548 249 3608 ab
282 3546 433 3611 aedificiis
462 3548 580 3610 nostris
604 3546 724 3629 volant,
751 3548 828 3610 item
854 3571 939 3632 apes,
962 3567 1035 3632 quae
1054 3560 1082 3604 ex

1129 3600 1137 3753 l
