2422 3976
147 180 216 244 160
234 179 281 235 lli.
299 179 375 236 GAH
385 177 531 234 CLAUDII
539 176 829 235 manutentans
837 176 1164 236 uuuslualscons

154 344 227 425 sint,
245 341 341 407 hodie
360 342 451 422 altor,
469 340 552 406 altor
569 345 701 426 postera
714 340 764 405 die
778 340 988 425 responderit,
1006 341 1162 408 Proculus

144 452 215 504 ¹non
242 451 313 495 esse
342 431 422 495 duos
443 451 517 495 reos
540 452 577 495 aa
599 452 647 505 ne,
664 430 843 515 obligatum
865 429 994 514 quidem
1017 430 1164 515 intellegi

153 540 241 601 enm,
264 519 319 602 qui
342 522 472 602 postera
495 518 545 582 die
568 517 803 603 responderatL
825 538 898 584 uum
920 521 1012 584 actor
1034 518 1078 583 ad
1100 518 1165 585 alia

144 607 282 692 negotia
313 607 496 673 discesserit
525 608 577 673 rel
604 608 795 691 promissor,
826 607 903 673 licet
929 607 1071 692 peractis
1098 606 1164 673 illis

149 697 245 761 rebus
268 696 491 780 responderit}

144 836 146 841 >
238 806 339 866 Eisele
362 807 393 866 Z.
408 807 435 867 d.
451 805 585 867 San-St.
599 804 686 884 XIII,
703 808 778 866 149.

242 909 294 974 87.
318 908 355 972 D.
365 907 418 986 45,
430 908 459 993 1,
469 909 498 973 8.
538 907 659 972 Paulus
683 908 767 972 libro
788 907 929 972 secundo
948 906 988 972 ad
1007 905 1165 975 Sabinum

151 993 203 1084 (P.
215 992 323 1084 1625).
345 1030 384 1044 -
404 996 442 1060 In
465 995 522 1060 illa
545 996 766 1079 stipulatione:
791 993 831 1059 ‘si
851 994 998 1061 kalendis
1018 994 1166 1064 Stichum

150 1107 216 1151 non
247 1086 382 1168 dederis,
415 1085 524 1149 decem
551 1085 627 1149 dare
655 1083 828 1168 spondesl'
877 1088 1006 1150 mortuo
1033 1084 1165 1152 homine

154 1175 328 1260 quaeritur,
347 1197 388 1238 an
407 1173 518 1239 statim
538 1177 613 1238 ante
631 1172 785 1238 kalendas
805 1174 859 1259 agi
873 1173 986 1257 possit.
1024 1172 1165 1241 Sabinus

151 1263 307 1327 Proculus
331 1261 580 1346 exspectandum
604 1261 688 1326 diem
713 1262 815 1326 actori
837 1266 963 1346 putant.

241 1352 292 1417 88.
321 1348 361 1416 D.
374 1351 428 1436 45,
444 1353 471 1431 1,
489 1350 561 1435 112,
576 1352 605 1415 1.
649 1349 738 1414 Idem
766 1347 825 1438 (sc.
842 1348 1058 1440 Pomponius)
1081 1352 1165 1419 libro

152 1440 265 1526 quinto
298 1438 421 1504 decimo
450 1438 491 1504 ad
519 1436 672 1514 Quintum
700 1437 842 1504 Mucium
870 1435 921 1526 (P.
939 1436 1029 1527 271).
1062 1476 1102 1489 -
1130 1438 1165 1507 si

152 1547 224 1632 quis
253 1547 299 1610 ita
327 1545 501 1630 stipulatus
529 1544 639 1610 fuerit:
668 1542 739 1630 ‘pro
765 1526 872 1611 HS&
899 1546 978 1611 satis
1006 1544 1165 1613 dabist't

152 1634 309 1698 Proculus
328 1633 375 1697 ait
394 1655 519 1717 semper
537 1633 808 1718 insatisdationis
823 1633 1033 1717 stipulatione
1047 1636 1163 1720 venire,

154 1722 238 1807 qnod
264 1723 435 1787 interesset
458 1722 655 1807 stipulantis,
682 1726 719 1787 ut
742 1723 823 1787 alias
846 1726 917 1787 tota
940 1745 1011 1789 sors
1035 1724 1163 1809 inesses,

150 1811 253 1875 veluti
281 1811 308 1874 si
336 1810 470 1875 idoneus
497 1811 676 1895 promissor
701 1833 767 1876 non
795 1811 850 1894 sit,
877 1811 959 1876 alias
985 1810 1109 1899 minus,
1136 1814 1162 1879 si
1197 1844 1203 1891 .·

150 1898 186 1963 in
216 1897 336 1984 aliquid
362 1899 495 1964 idoneus
524 1904 608 1964 esset
635 1900 774 1984 debitor,
806 1900 889 1965 alias
914 1899 1010 1985 nihil,
1040 1902 1070 1966 si
1097 1906 1161 1969 tam
1199 1912 1203 1923 “

152 1987 296 2073 locuples
325 1992 423 2072 esset,
449 1991 486 2052 nt
509 1992 622 2053 nostra
644 2010 710 2053 non
732 1989 860 2053 intersit
882 1989 962 2053 satis
985 1988 1027 2055 ab
1051 2011 1091 2056 eo
1113 2012 1160 2057 ac·

153 2076 272 2160 cipere,
290 2076 354 2141 nisi
373 2076 457 2161 quod
477 2077 664 2161 plerumque
681 2076 790 2142 idonei
806 2098 871 2141 nou
885 2081 957 2141 tam
966 2077 1158 2162 patrimonio

153 2186 248 2248 quam
271 2164 334 2229 fide
358 2187 483 2249 quoque
507 2167 763 2230 aestimarentur.
1179 2176 1182 2181 '

240 2253 291 2318 89.
324 2251 363 2321 Ι).
382 2254 434 2333 45,
450 2256 479 2340 1,
494 2255 556 2320 138
566 2276 614 2338 pr.
664 2254 753 2318 Idem
780 2251 838 2341 (sc.
859 2253 1052 2344 Venuleius)
1079 2257 1155 2322 libro

151 2345 265 2427 quarto
290 2340 542 2426 stipulationum
570 2340 620 2429 (P.
639 2338 707 2429 60).
732 2380 769 2389 —
795 2343 896 2429 Eum,
920 2345 976 2428 qui
996 2351 1156 2411 certarum

150 2431 366 2497 nundinarum
399 2431 509 2496 diebus
543 2431 612 2495 dari
643 2432 830 2517 stipuletur,
860 2430 965 2516 primo
993 2432 1155 2518 (tantum)

151 2521 200 2584 die
219 2524 328 2605 petere
349 2541 444 2604 posse
464 2519 603 2584 Sabinus
622 2520 676 2585 ait.
708 2519 864 2585 Proculus
883 2525 991 2586 autem
1012 2526 1046 2588 et
1064 2521 1152 2588 ceteri

151 2608 296 2673 diversae
316 2610 444 2673 scholae
460 2613 615 2687 auctores,
634 2609 787 2694 quamdiu
800 2609 852 2673 vel
867 2609 1021 2695 exiguum
1035 2615 1152 2696 tempus

152 2718 191 2760 ex
209 2696 424 2761 nundinarum
445 2698 549 2779 spatio
569 2703 759 2782 superesset,
777 2697 845 2781 peti
859 2720 954 2781 posse
970 2699 1153 2766 existimant

239 2785 291 2849 90.
315 2784 354 2851 D.
364 2785 416 2867 46,
427 2785 457 2869 3,
468 2785 519 2870 93,
530 2787 559 2851 3.
601 2785 755 2851 Scaevola
778 2786 861 2851 libro
885 2788 1047 2871 singulari
1065 2788 1152 2865 Quae

151 2872 293 2936 stionum
320 2873 446 2957 publice
474 2877 688 2939 tractatarum
711 2871 762 2961 (P.
779 2870 865 2959 193).
889 2910 930 2921 -
955 2875 1006 2962 (Si
1033 2877 1094 2943 duo
1115 2872 1152 2940 rei

152 2961 218 3024 sint
251 2962 459 3044 promittendi
492 2967 526 3027 et
557 2962 640 3028 alter
673 2963 809 3027 alterum
842 2962 993 3028 heredem
1027 2963 1152 3051 scripsit,

152 3047 358 3114 confunditur
376 3051 542 3136 obligatio.
580 3052 633 3115 sed
650 3052 676 3116 si
691 3074 764 3116 rens
779 3051 928 3116 heredem
943 3052 1151 3120 fideiussorem

152 3138 329 3222 scripserit,
362 3140 567 3204 confunditur
597 3136 779 3226 obligatio.)
828 3140 904 3225 quid
933 3191 1001 3227 ...‚
1034 3145 1062 3209 si
1087 3141 1151 3208 fide

152 3225 258 3291 inssor
277 3249 365 3290 reum
384 3229 533 3293 heredem
554 3228 739 3312 scripserit?
776 3229 989 3294 confundetur
1006 3228 1150 3318 obligatio

151 3315 324 3380 secundum
348 3316 460 3381 Sabini
484 3320 687 3399 sententiam,
711 3318 787 3383 licet
804 3316 959 3384 Proculus
984 3319 1150 3386 dissentiat

224 3478 237 3526 1
260 3473 333 3528 urse.
353 3475 463 3528 centnm
483 3474 580 3528 aureis.
1017 3499 1021 3505 ·

222 3549 237 3597 2
260 3543 332 3600 Trita
353 3543 449 3600 dabis?
477 3550 507 3599 et
523 3560 601 3599 reum
621 3543 728 3600 dederis
746 3543 776 3599 in
793 3544 876 3600 istam
896 3562 1042 3606 summam.
