2422 3976
150 190 194 254 60
220 189 267 245 111
281 189 358 244 dnn
371 188 518 244 CLAUDII
532 187 1158 246 NERON.GALBAETEMP.1UR1800NS.

150 350 233 418 Cum
255 374 377 431 sersus,
403 353 438 416 in
461 374 524 437 quo
546 374 641 418 usum
662 353 805 418 fructum
823 353 990 436 habemus,
1011 351 1158 437 proprie-

149 442 227 506 tatis
250 442 381 506 domino
403 463 443 506 ex
465 463 501 505 re
522 441 690 506 fructuarii
714 442 766 506 vel
784 464 824 506 ex
842 442 949 526 operis
967 439 1036 506 eius
1055 442 1157 508 nomi·

148 529 252 594 netirn
276 530 461 613 stipuletur,
487 531 666 615 adquiritur
688 530 821 596 domino
842 529 1064 615 proprietatis.
1099 529 1156 595 sed

149 641 214 704 qua
245 619 371 683 actione
402 619 598 684 fructuarius
630 619 808 703 reciperare
836 621 941 704 possit
972 642 993 683 a
1023 619 1160 684 domino

149 708 369 792 proprietatis,
386 707 610 789 requirendum
629 713 689 772 est.
719 709 798 772 item
818 709 847 772 si
865 730 976 773 servus
994 708 1083 772 bone
1095 707 1158 772 fide

148 797 242 862 nobis
268 796 389 862 serviat
411 802 444 861 et
466 796 499 861 id
523 796 608 881 quod
631 797 726 862 nobis
750 797 918 880 adquirere
939 797 1075 881 poterit,
1101 817 1157 862 no·

149 886 298 949 minatim
313 885 444 950 domino
463 907 522 951 suo
540 886 716 968 stipulatus
735 885 842 972 fuerit,
864 885 895 950 ei
913 885 1070 971 adquiret.
1102 884 1158 950 sed

150 995 214 1058 qua
242 974 369 1039 actione
397 975 431 1039 id
458 974 637 1057 reciperare
663 995 851 1058 possumus,
880 995 1081 1058 quaeremus.
1125 977 1161 1038 et

148 1083 215 1127 non
239 1063 306 1127 sine
329 1064 455 1128 ratione
478 1068 538 1147 est,
560 1061 644 1143 quod
664 1061 764 1127 Gaius
786 1067 899 1128 noster
917 1062 1009 1146 dixit,
1032 1061 1158 1128 cundici

148 1150 182 1214 id
205 1152 239 1215 in
262 1157 397 1236 utroque
420 1174 497 1216 casu
520 1173 617 1235 posse
639 1151 780 1217 domino.

237 1256 344 1323 ‘Gaius
365 1257 481 1324 noster'
508 1282 569 1323 non
590 1263 748 1339 Pomponii
769 1263 823 1322 ille
845 1263 980 1339 aequalis
1003 1263 1159 1323 habendus

149 1354 206 1428 est,
229 1353 309 1429 quod
331 1354 424 1431 vulgo
446 1352 506 1413 viri
529 1347 612 1412 docti
635 1352 809 1411 existimant
832 1343 883 1433 (cf.
906 1351 1000 1411 Lenel
1023 1351 1056 1412 P.
1079 1351 1158 1428 apud

150 1439 259 1501 Gaium
276 1432 366 1523 482),
388 1441 498 1518 quippe
521 1441 606 1500 cuius
631 1443 797 1500 sententiae
818 1459 968 1516 nusquam
989 1441 1159 1517 laudentur,

149 1529 201 1588 sed
225 1527 354 1588 Cassius.
385 1549 414 1588 v.
438 1548 529 1605 supra
550 1549 578 1605 p.
605 1531 654 1589 19.

428 1698 478 1764 De
499 1700 674 1765 litterarum
695 1701 886 1784 otlipatione.

238 1821 291 1888 94.
319 1821 390 1888 Gai.
409 1824 439 1905 3,
459 1823 532 1888 133.
556 1859 599 1869 -
627 1823 905 1908 Transscripticiis
924 1824 1158 1891 ..nominibus

151 1935 191 1977 an
214 1912 401 1997 obligentur
418 1911 591 1997 peregrini,
613 1913 729 1977 merito
749 1914 935 1998 quaeritur.
950 1963 957 1978 .
971 1963 979 1978 .
994 1911 1156 1979 Sabino..

149 2006 183 2067 et
206 1999 319 2066 Cassio
343 2000 447 2065 visum
471 2006 534 2082 est,
558 2000 586 2064 si
608 2022 628 2063 a
650 2022 684 2064 re
708 2001 742 2065 in
765 2024 937 2085 personam
959 2002 1019 2067 fiat
1041 2023 1157 2068 nomen

149 2089 456 2174 transscripticium,
484 2089 582 2154 etiam
605 2091 794 2174 peregrinos
818 2091 967 2175 obligari,
990 2091 1019 2155 si
1041 2111 1158 2156 veroa

149 2200 289 2262 persone
312 2178 346 2242 in
368 2200 556 2262 personam,
579 2199 645 2242 non
668 2178 815 2262 obligari.

437 2354 487 2420 De
508 2355 667 2420 cadmum
689 2355 880 2440 obligatione.

239 2479 291 2544 95.
318 2479 359 2545 D.
372 2479 425 2559 22,
442 2480 471 2563 1,
484 2480 536 2560 38,
551 2480 580 2544 7.
625 2477 744 2544 Paulus
772 2479 857 2544 libro
886 2483 977 2544 sexto
1004 2479 1045 2545 ad
1068 2478 1158 2545 Plau·

149 2568 232 2633 tium
259 2565 308 2653 (P.
330 2565 439 2653 1132).
467 2603 509 2613 -
538 2563 572 2630 Si
600 2567 760 2632 actionem
788 2568 926 2642 habeam
954 2569 994 2633 ad
1022 2567 1057 2632 id
1088 2590 1156 2634 con·

150 2656 346 2741 sequendum
375 2655 461 2741 quod
487 2677 593 2720 meum
616 2678 683 2721 non
706 2656 781 2739 luit,
808 2657 910 2721 veluti
933 2679 971 2721 ex
994 2657 1158 2741 stipulatu,

149 2744 273 2809 fructus
300 2767 365 2810 non
393 2765 585 2829 consequar,
613 2745 743 2810 etiamsi
765 2766 857 2810 mora
879 2746 967 2811 fecta
990 2746 1047 2831 sit3
1076 2745 1159 2831 quod

151 2833 178 2897 si
202 2837 368 2918 acceptum
393 2837 443 2898 est
466 2833 628 2911 iudicium,
651 2837 728 2898 tunc
751 2831 889 2898 Sabinus
913 2838 946 2900 et
967 2832 1101 2901 Cassius
1124 2855 1159 2900 ex

151 2921 315 3006 aequitate
354 2922 478 2987 fructus
520 2944 646 3007 quoque
686 2924 763 3007 post
799 2927 967 3007 acceptum
1008 2923 1159 2990 iudicium

148 3008 361 3096 (perceptos)
385 3010 598 3095 praestandos
621 3014 751 3095 putant,
778 3016 816 3075 ut
839 3032 937 3076 causa
960 3013 1159 3078 restituatur.

238 3099 291 3164 96.
317 3098 357 3164 Ι).
378 3100 549 3182 12‚2,28‚
570 3100 597 3164 1.
644 3099 763 3164 Paulus
790 3099 874 3164 libro
898 3105 1012 3166 octavo
1036 3101 1159 3166 decimo

150 3186 190 3251 ad
223 3187 363 3253 edictum
397 3184 447 3275 (P.
465 3184 555 3274 281).
588 3223 630 3233 -
664 3187 755 3263 Quod
789 3210 862 3252 reus
896 3189 1031 3273 iuravit,
1064 3189 1159 3254 etiam

152 3275 332 3342 fideiussori
354 3277 490 3360 proficit.
531 3299 551 3340 c
568 3276 755 3341 fideiussore
774 3280 922 3341 exactum
940 3276 1158 3342 iusiurandum

149 3365 303 3449 prodesse
335 3365 432 3430 etiam
463 3386 518 3429 reo
547 3363 678 3430 Cassius
710 3370 742 3429 et
768 3365 913 3430 Iulianus
944 3366 1038 3431 aiunt
1072 3365 1157 3450 [nem

149 3455 225 3537 quio
251 3455 286 3518 in
312 3454 420 3518 locum
444 3452 616 3518 solutionis
640 3453 794 3538 succedit,
820 3454 874 3519 hic
897 3476 1024 3540 quoque
1048 3455 1158 3520 eodem

149 3541 219 3607 loco
247 3540 431 3607 habendum
459 3544 538 3627 est],
570 3542 597 3606 si
629 3542 724 3607 modo
752 3542 824 3607 ideo
852 3543 1084 3626 interpositum
1112 3544 1159 3608 est
