2422 3976
502 182 528 230 c.
546 174 710 248 murerus
939 154 943 163 ’
1048 177 1114 242 275

129 337 198 402 sum
227 347 273 405 est
383 344 539 421 respondit
649 343 785 403 Iulianus
817 347 915 404 notat:
946 341 1114 407 videamus'

127 425 399 511 delffil

193 521 327 600 Denique
353 516 509 581 Minicium
536 539 596 580 non
623 521 710 580 modo
741 521 828 581 civile
856 522 913 598 ius,
941 523 994 583 sed
1021 524 1114 584 etiem

124 603 293 670 lucrarium
315 613 464 686 spectasse
488 611 561 670 eatis
585 614 717 687 apparet.

123 752 126 761 .
193 699 286 770 Quem
319 717 389 761 vero
422 719 523 760 rerum
556 700 689 758 ordinem
722 700 874 774 statuerit,
908 717 975 758 cum
1007 719 1044 760 ne
1077 702 1113 760 de

121 779 212 847 Iuliani
237 787 360 866 quidem
388 787 491 848 ordine
514 788 588 847 satis
612 790 740 864 constet,
770 787 910 866 cognosci
933 789 981 847 vix
1003 791 1113 865 potest

121 870 144 932 in
164 876 273 936 Iuliani
299 876 353 936 illo
377 877 560 955 fragmento,
587 877 667 954 quod
690 875 838 951 Ulpianus
863 876 978 937 decimo
1000 876 1113 938 Minicii

120 958 180 1025 libro
196 964 317 1026 videtur
335 964 501 1025 attribuero
525 960 629 1045 (supra
642 985 671 1041 p.
687 956 776 1046 273),
795 965 831 1024 de
845 966 995 1042 emptione
1013 966 1114 1026 vendi·

118 1049 182 1113 tione
203 1054 345 1130 mancipii
367 1054 478 1131 agitur.
524 1054 555 1113 in
579 1053 686 1114 ceteris
715 1072 765 1112 sex
792 1053 876 1113 libris
904 1054 942 1113 ab
970 1055 1113 1131 epitoma·

118 1138 178 1222 tore,
195 1146 231 1203 ut
249 1143 383 1203 conicere
398 1143 481 1219 licet,
501 1143 643 1203 confectis
658 1161 726 1202 cum
740 1142 801 1201 alia
815 1145 880 1201 tum
893 1143 966 1202 haec
980 1146 1113 1204 tractata

117 1225 193 1292 fuisse
210 1231 361 1293 videmus:
380 1231 457 1291 libro
471 1231 488 1291 I
501 1232 604 1310 legate
621 1237 652 1291 et
666 1249 770 1306 operas
785 1232 971 1311 libertorum,
989 1232 1066 1291 libro
1080 1233 1113 1291 H

116 1320 311 1396 usucapionem
340 1322 371 1380 et
399 1320 573 1398 servitutes,
599 1320 676 1381 libro
701 1319 748 1378 III
770 1320 866 1397 furta,
888 1320 966 1380 libro
988 1320 1033 1379 IV
1060 1321 1113 1380 ad·

115 1409 307 1485 promissores,
340 1409 522 1485 emptionem
547 1409 749 1468 venditionem
777 1412 808 1467 et
835 1409 1015 1469 locationem
1043 1427 1112 1469 con-

115 1491 279 1573 ductionem,
302 1497 379 1556 libro
397 1496 426 1555 V
444 1497 492 1556 ius
515 1497 631 1558 dotium
654 1499 685 1556 et
708 1497 916 1574 stipulationes
934 1498 1112 1577 praetorias,

113 1578 176 1647 libro
203 1586 331 1662 denique
354 1585 399 1644 VI
423 1586 468 1645 rei
489 1585 734 1660 vindicationem,
763 1589 797 1644 ut
820 1584 953 1662 videtur,
980 1589 1012 1646 et
1033 1588 1112 1647 inter

112 1670 160 1734 elia
181 1695 260 1753 eum,
283 1668 347 1752 ‘qui
368 1677 552 1751 potestatem
573 1675 620 1734 sui
642 1693 702 1735 non
723 1675 862 1750 faciebat,
885 1693 923 1734 ne
943 1693 1043 1735 secum
1061 1676 1111 1753 agi

110 1767 217 1834 masat.

186 1851 317 1911 Videtur
347 1851 424 1911 libro
457 1852 500 1909 lv
534 1852 651 1929 quidam
686 1852 722 1911 de
759 1851 906 1928 mancipio
937 1871 998 1912 non
1030 1870 1110 1926 sano,

109 1955 168 2019 crgo
191 1941 229 2001 de
256 1939 394 2000 aedilicio
422 1940 519 2000 edicto
542 1959 639 2000 sermo
662 1941 755 2000 fuisse
779 1936 829 2016 (D.
849 1943 898 2018 21,
919 1945 945 2016 1,
963 1929 1034 2020 50),
1058 1941 1110 2000 sed

65 2080 67 2085 .
107 2030 239 2107 mancipii
275 2029 387 2104 emptio
423 2029 569 2106 venditio,
606 2029 642 2087 de
680 2049 740 2106 qua
775 2029 911 2088 Iulianus
946 2027 1023 2088 libro
1056 2028 1109 2087 illo

107 2115 184 2196 lixit,
206 2137 268 2178 non
291 2116 507 2179 venaliciorum
529 2118 662 2178 venditio
685 2117 823 2177 habenda
847 2120 901 2176 est.

182 2208 292 2285 Itaque
315 2225 384 2266 cum
406 2207 436 2265 id
458 2209 578 2267 tantum
601 2207 692 2266 liceat
719 2209 866 2282 statuere,
893 2208 929 2264 ut
956 2204 1109 2264 Iulianum

103 2293 139 2355 ic
168 2299 202 2357 et
227 2294 384 2355 Minicium
415 2313 434 2354 a.
464 2295 654 2354 testamentis
686 2294 839 2354 exordium
872 2294 991 2370 fecisse,
1027 2294 1108 2370 frag·

103 2389 197 2446 menta
216 2383 379 2445 secundum
394 2382 506 2442 Iuliani
523 2383 616 2442 libros
634 2401 801 2460 proponere
819 2381 959 2442 idoneum
977 2381 1107 2441 videtur.

441 2569 487 2628 Er
509 2569 619 2628 Iuliani
642 2570 718 2630 libro
741 2569 766 2628 L

511 2687 561 2754 Dc
583 2689 696 2771 tepetis.

418 2809 465 2869 Dc
486 2827 543 2868 asc
564 2809 662 2881 fructa
685 2809 783 2882 lcpcto.

183 2911 226 2976 1?
259 2909 298 2976 D.
313 2912 342 2994 7,
359 2913 387 2992 1,
401 2911 452 2977 61.
497 2909 641 2973 Iulianus
668 2908 752 2973 libro
780 2908 884 2992 primo
912 2931 951 2973 ex
973 2907 1104 2975 Minicio

100 2996 145 3082 (P.
154 2996 306 3088 843)..—⁴
326 2997 385 3067 cui
408 3020 485 3079 usus
508 2997 631 3063 fructus
654 2997 782 3080 legatus
804 3000 862 3079 est,
885 2997 983 3062 etiam
1002 2998 1104 3063 invito

99 3085 211 3155 herede
235 3110 309 3153 eum
332 3090 485 3152 extraneo
508 3085 644 3151 vendere
667 3089 784 3170 potest.

204 3288 208 3295 ·
416 3252 465 3313 Dc
486 3253 659 3312 habitatione
681 3252 784 3326 locata.
844 3239 850 3251 ’

182 3354 226 3422 22
252 3353 292 3418 D.
307 3354 403 3437 33,2,
419 3356 469 3418 11.
514 3353 604 3416 idem
631 3349 689 3438 (sc.
703 3349 864 3434 Iulianus)
889 3350 975 3414 libro
998 3348 1103 3431 primo

96 3463 134 3508 ex
155 3442 289 3508 Minicio
313 3439 363 3528 (P.
378 3439 467 3528 844).
493 3478 531 3487 -
556 3439 778 3505 Habitationis
807 3441 951 3523 legatum
978 3438 1012 3500 in
1040 3435 1103 3500 sin·

95 3532 190 3619 gulos
214 3552 317 3597 annos
340 3531 381 3596 ab
404 3531 499 3596 initio
523 3530 599 3594 anni
623 3529 730 3594 deberi
754 3532 893 3685 constsst
