<?xml version="1.0" encoding="UTF-8"?>
<!DOCTYPE html PUBLIC "-//W3C//DTD XHTML 1.0 Transitional//EN"
    "http://www.w3.org/TR/xhtml1/DTD/xhtml1-transitional.dtd">
<html xmlns="http://www.w3.org/1999/xhtml" xml:lang="en" lang="en">
 <head>
  <title>
</title>
<meta http-equiv="Content-Type" content="text/html;charset=utf-8" />
  <meta name='ocr-system' content='tesseract 3.04.00' />
  <meta name='ocr-capabilities' content='ocr_page ocr_carea ocr_par ocr_line ocrx_word'/>
</head>
<body>
  <div class='ocr_page' id='page_1' title='image "./iurisprudentiae01bremgoog_0133.png"; bbox 0 0 2422 3976; ppageno 0'>
   <div class='ocr_carea' id='block_1_1' title="bbox 93 184 1095 249">
    <p class='ocr_par' dir='ltr' id='par_1_1' title="bbox 93 184 1095 249">
     <span class='ocr_line' id='line_1_1' title="bbox 93 184 1095 249; baseline 0.005 -9"><span class='ocrx_word' id='word_1_1' title='bbox 93 185 135 249; x_wconf 88' lang='lat'>98</span> <span class='ocrx_word' id='word_1_2' title='bbox 158 185 207 242; x_wconf 88' lang='grc' dir='ltr'><strong>ΙΙΙ.</strong></span> <span class='ocrx_word' id='word_1_3' title='bbox 222 184 298 241; x_wconf 82' lang='lat' dir='ltr'>GAH</span> <span class='ocrx_word' id='word_1_4' title='bbox 311 184 457 240; x_wconf 80' lang='lat' dir='ltr'>CLAUDII</span> <span class='ocrx_word' id='word_1_5' title='bbox 469 184 762 242; x_wconf 67' lang='lat' dir='ltr'>naucularum</span> <span class='ocrx_word' id='word_1_6' title='bbox 774 185 1095 245; x_wconf 80' lang='lat' dir='ltr'>ruuP.1unlscous</span> 
     </span>
    </p>
   </div>
   <div class='ocr_carea' id='block_1_2' title="bbox 93 349 1095 790">
    <p class='ocr_par' dir='ltr' id='par_1_2' title="bbox 93 349 1095 790">
     <span class='ocr_line' id='line_1_2' title="bbox 95 349 1095 433; baseline 0.005 -21"><span class='ocrx_word' id='word_1_7' title='bbox 95 349 171 433; x_wconf 92' lang='lat' dir='ltr'>quid</span> <span class='ocrx_word' id='word_1_8' title='bbox 200 370 239 413; x_wconf 87' lang='lat' dir='ltr'>ex</span> <span class='ocrx_word' id='word_1_9' title='bbox 265 351 460 414; x_wconf 88' lang='lat' dir='ltr'>testamento</span> <span class='ocrx_word' id='word_1_10' title='bbox 485 370 552 413; x_wconf 91' lang='lat' dir='ltr'>non</span> <span class='ocrx_word' id='word_1_11' title='bbox 574 352 739 433; x_wconf 89' lang='lat' dir='ltr'>potuerat:</span> <span class='ocrx_word' id='word_1_12' title='bbox 766 349 953 415; x_wconf 89' lang='lat' dir='ltr'>nihilhaec</span> <span class='ocrx_word' id='word_1_13' title='bbox 976 372 1095 417; x_wconf 89' lang='lat' dir='ltr'>resno</span> 
     </span>
     <span class='ocr_line' id='line_1_3' title="bbox 94 435 1095 523; baseline 0.005 -21"><span class='ocrx_word' id='word_1_14' title='bbox 94 438 188 503; x_wconf 89' lang='lat' dir='ltr'>cebit.</span> <span class='ocrx_word' id='word_1_15' title='bbox 241 435 358 502; x_wconf 92' lang='lat' dir='ltr'>Pedius</span> <span class='ocrx_word' id='word_1_16' title='bbox 395 436 524 521; x_wconf 90' lang='lat' dir='ltr'>quidem</span> <span class='ocrx_word' id='word_1_17' title='bbox 562 438 659 501; x_wconf 88' lang='lat' dir='ltr'>etiam</span> <span class='ocrx_word' id='word_1_18' title='bbox 694 435 776 501; x_wconf 91' lang='lat' dir='ltr'>illud</span> <span class='ocrx_word' id='word_1_19' title='bbox 811 459 878 502; x_wconf 91' lang='lat' dir='ltr'>non</span> <span class='ocrx_word' id='word_1_20' title='bbox 912 442 1009 523; x_wconf 85' lang='lat' dir='ltr'>putat</span> <span class='ocrx_word' id='word_1_21' title='bbox 1041 462 1095 507; x_wconf 83' lang='lat' dir='ltr'>ess</span> 
     </span>
     <span class='ocr_line' id='line_1_4' title="bbox 94 525 1095 610; baseline 0.003 -19"><span class='ocrx_word' id='word_1_22' title='bbox 94 525 319 610; x_wconf 90' lang='lat' dir='ltr'>spectandum,</span> <span class='ocrx_word' id='word_1_23' title='bbox 360 526 450 591; x_wconf 92' lang='lat' dir='ltr'>cuius</span> <span class='ocrx_word' id='word_1_24' title='bbox 491 526 764 610; x_wconf 77' lang='lat' dir='ltr'><strong>contemplatione</strong></span> <span class='ocrx_word' id='word_1_25' title='bbox 802 530 943 593; x_wconf 88' lang='lat' dir='ltr'>testator</span> <span class='ocrx_word' id='word_1_26' title='bbox 980 550 1095 594; x_wconf 82' lang='lat' dir='ltr'>servuu</span> 
     </span>
     <span class='ocr_line' id='line_1_5' title="bbox 93 614 1095 699; baseline 0.006 -21"><span class='ocrx_word' id='word_1_27' title='bbox 93 615 243 679; x_wconf 84' lang='lat' dir='ltr'>heredem</span> <span class='ocrx_word' id='word_1_28' title='bbox 263 615 429 697; x_wconf 78' lang='lat' dir='ltr'>scripserit</span> <span class='ocrx_word' id='word_1_29' title='bbox 441 616 493 678; x_wconf 85' lang='lat' dir='ltr'>vel</span> <span class='ocrx_word' id='word_1_30' title='bbox 512 615 542 679; x_wconf 90' lang='lat' dir='ltr'>ei</span> <span class='ocrx_word' id='word_1_31' title='bbox 560 614 718 699; x_wconf 77' lang='lat' dir='ltr'>legaverit</span> <span class='ocrx_word' id='word_1_32' title='bbox 737 615 827 699; x_wconf 89' lang='lat' dir='ltr'>[qnia</span> <span class='ocrx_word' id='word_1_33' title='bbox 840 619 874 681; x_wconf 94' lang='lat' dir='ltr'>et</span> <span class='ocrx_word' id='word_1_34' title='bbox 887 617 915 680; x_wconf 90' lang='lat' dir='ltr'>si</span> <span class='ocrx_word' id='word_1_35' title='bbox 929 616 1095 684; x_wconf 79' lang='lat' dir='ltr'>venditori</span> 
     </span>
     <span class='ocr_line' id='line_1_6' title="bbox 94 701 1095 790; baseline 0.004 -23"><span class='ocrx_word' id='word_1_36' title='bbox 94 701 294 786; x_wconf 70' lang='lat' dir='ltr'>mansissetl,</span> <span class='ocrx_word' id='word_1_37' title='bbox 325 702 407 767; x_wconf 91' lang='lat' dir='ltr'><strong>nihil</strong></span> <span class='ocrx_word' id='word_1_38' title='bbox 434 703 514 768; x_wconf 89' lang='lat' dir='ltr'>haec</span> <span class='ocrx_word' id='word_1_39' title='bbox 543 724 594 766; x_wconf 91' lang='lat' dir='ltr'>res</span> <span class='ocrx_word' id='word_1_40' title='bbox 623 705 762 787; x_wconf 80' lang='lat' dir='ltr'>emptori</span> <span class='ocrx_word' id='word_1_41' title='bbox 784 703 961 790; x_wconf 68' lang='lat' dir='ltr'>proderat}</span> <span class='ocrx_word' id='word_1_42' title='bbox 1007 712 1038 771; x_wconf 86' lang='lat' dir='ltr'>et</span> <span class='ocrx_word' id='word_1_43' title='bbox 1054 728 1095 790; x_wconf 81' lang='lat' dir='ltr'>pe</span> 
     </span>
    </p>
   </div>
   <div class='ocr_carea' id='block_1_3' title="bbox 88 792 1095 1052">
    <p class='ocr_par' dir='ltr' id='par_1_3' title="bbox 88 792 1095 1052">
     <span class='ocr_line' id='line_1_7' title="bbox 93 792 1095 877; baseline 0.004 -20"><span class='ocrx_word' id='word_1_44' title='bbox 93 794 292 874; x_wconf 79' lang='lat' dir='ltr'>eontrarium,</span> <span class='ocrx_word' id='word_1_45' title='bbox 314 792 430 877; x_wconf 90' lang='lat' dir='ltr'>inquit,</span> <span class='ocrx_word' id='word_1_46' title='bbox 451 794 481 857; x_wconf 84' lang='lat' dir='ltr'>si</span> <span class='ocrx_word' id='word_1_47' title='bbox 498 792 747 874; x_wconf 77' lang='lat' dir='ltr'>contemplatione</span> <span class='ocrx_word' id='word_1_48' title='bbox 763 795 930 859; x_wconf 68' lang='lat' dir='ltr'>venditoris</span> <span class='ocrx_word' id='word_1_49' title='bbox 947 795 1095 861; x_wconf 74' lang='lat' dir='ltr'>instinctu</span> 
     </span>
     <span class='ocr_line' id='line_1_8' title="bbox 88 881 1095 966; baseline 0.004 -19"><span class='ocrx_word' id='word_1_50' title='bbox 88 886 323 964; x_wconf 75' lang='lat' dir='ltr'>proponeretur,</span> <span class='ocrx_word' id='word_1_51' title='bbox 355 886 458 946; x_wconf 76' lang='lat' dir='ltr'>tumne</span> <span class='ocrx_word' id='word_1_52' title='bbox 484 881 651 946; x_wconf 69' lang='lat' dir='ltr'>duarenus</span> <span class='ocrx_word' id='word_1_53' title='bbox 676 882 831 947; x_wconf 75' lang='lat' dir='ltr'>restituae</span> <span class='ocrx_word' id='word_1_54' title='bbox 859 887 1027 966; x_wconf 85' lang='lat' dir='ltr'>emptorem</span> <span class='ocrx_word' id='word_1_55' title='bbox 1048 905 1095 951; x_wconf 77' lang='lat' dir='ltr'>nor</span> 
     </span>
     <span class='ocr_line' id='line_1_9' title="bbox 94 969 816 1052; baseline -0.003 -16"><span class='ocrx_word' id='word_1_56' title='bbox 94 972 196 1036; x_wconf 81' lang='lat' dir='ltr'>debere</span> <span class='ocrx_word' id='word_1_57' title='bbox 217 971 376 1052; x_wconf 79' lang='lat' dir='ltr'>uenditori,</span> <span class='ocrx_word' id='word_1_58' title='bbox 399 971 428 1035; x_wconf 84' lang='lat' dir='ltr'>si</span> <span class='ocrx_word' id='word_1_59' title='bbox 449 970 543 1034; x_wconf 85' lang='lat' dir='ltr'>nollet</span> <span class='ocrx_word' id='word_1_60' title='bbox 563 990 632 1035; x_wconf 76' lang='lat' dir='ltr'>arun</span> <span class='ocrx_word' id='word_1_61' title='bbox 653 969 816 1034; x_wconf 77' lang='lat' dir='ltr'>redhibere.</span> 
     </span>
    </p>
   </div>
   <div class='ocr_carea' id='block_1_4' title="bbox 184 1088 953 1167">
    <p class='ocr_par' dir='ltr' id='par_1_4' title="bbox 184 1088 953 1167">
     <span class='ocr_line' id='line_1_10' title="bbox 184 1088 953 1167; baseline 0.004 -18"><span class='ocrx_word' id='word_1_62' title='bbox 184 1090 267 1162; x_wconf 84' lang='lat' dir='ltr'>Quae</span> <span class='ocrx_word' id='word_1_63' title='bbox 290 1090 374 1149; x_wconf 92' lang='lat' dir='ltr'>uncis</span> <span class='ocrx_word' id='word_1_64' title='bbox 398 1090 515 1167; x_wconf 89' lang='lat' dir='ltr'>inclusi,</span> <span class='ocrx_word' id='word_1_65' title='bbox 538 1088 661 1149; x_wconf 91' lang='lat' dir='ltr'>Pernice</span> <span class='ocrx_word' id='word_1_66' title='bbox 686 1089 820 1149; x_wconf 78' lang='lat' dir='ltr'>eiciendo</span> <span class='ocrx_word' id='word_1_67' title='bbox 842 1095 953 1152; x_wconf 89' lang='lat' dir='ltr'>censet.</span> 
     </span>
    </p>
   </div>
   <div class='ocr_carea' id='block_1_5' title="bbox 94 1207 1095 1917">
    <p class='ocr_par' dir='ltr' id='par_1_5' title="bbox 94 1207 1095 1917">
     <span class='ocr_line' id='line_1_11' title="bbox 184 1207 1095 1294; baseline 0.002 -20"><span class='ocrx_word' id='word_1_68' title='bbox 184 1211 214 1276; x_wconf 91' lang='grc'>7.</span> <span class='ocrx_word' id='word_1_69' title='bbox 236 1207 339 1294; x_wconf 61' lang='grc'><strong>1121,</strong></span> <span class='ocrx_word' id='word_1_70' title='bbox 350 1211 379 1293; x_wconf 91' lang='lat'>1,</span> <span class='ocrx_word' id='word_1_71' title='bbox 389 1208 442 1293; x_wconf 78' lang='lat'>25,</span> <span class='ocrx_word' id='word_1_72' title='bbox 450 1210 480 1273; x_wconf 85' lang='lat'>4.</span> <span class='ocrx_word' id='word_1_73' title='bbox 519 1207 679 1291; x_wconf 85' lang='lat' dir='ltr'>Ulpianus</span> <span class='ocrx_word' id='word_1_74' title='bbox 696 1208 780 1274; x_wconf 90' lang='lat' dir='ltr'>libro</span> <span class='ocrx_word' id='word_1_75' title='bbox 794 1209 900 1293; x_wconf 91' lang='lat' dir='ltr'>primo</span> <span class='ocrx_word' id='word_1_76' title='bbox 914 1211 956 1276; x_wconf 90' lang='lat' dir='ltr'>ad</span> <span class='ocrx_word' id='word_1_77' title='bbox 970 1211 1095 1278; x_wconf 89' lang='lat' dir='ltr'>edictun</span> 
     </span>
     <span class='ocr_line' id='line_1_12' title="bbox 94 1294 1095 1386; baseline 0.004 -23"><span class='ocrx_word' id='word_1_78' title='bbox 94 1299 247 1364; x_wconf 88' lang='lat' dir='ltr'>aedilium</span> <span class='ocrx_word' id='word_1_79' title='bbox 279 1299 437 1364; x_wconf 91' lang='lat' dir='ltr'>curulium</span> <span class='ocrx_word' id='word_1_80' title='bbox 465 1294 514 1383; x_wconf 82' lang='lat' dir='ltr'>(P.</span> <span class='ocrx_word' id='word_1_81' title='bbox 535 1295 643 1382; x_wconf 88' lang='grc'><strong>1773).</strong></span> <span class='ocrx_word' id='word_1_82' title='bbox 671 1333 713 1343; x_wconf 93' lang='grc'>-</span> <span class='ocrx_word' id='word_1_83' title='bbox 742 1297 860 1363; x_wconf 90' lang='lat' dir='ltr'>Pedius</span> <span class='ocrx_word' id='word_1_84' title='bbox 893 1300 942 1364; x_wconf 90' lang='lat' dir='ltr'>ait</span> <span class='ocrx_word' id='word_1_85' title='bbox 973 1323 1095 1386; x_wconf 89' lang='lat' dir='ltr'>aequun</span> 
     </span>
     <span class='ocr_line' id='line_1_13' title="bbox 96 1385 1094 1475; baseline 0.003 -23"><span class='ocrx_word' id='word_1_86' title='bbox 96 1387 197 1452; x_wconf 83' lang='lat' dir='ltr'>fuisse</span> <span class='ocrx_word' id='word_1_87' title='bbox 229 1387 262 1450; x_wconf 93' lang='lat' dir='ltr'>id</span> <span class='ocrx_word' id='word_1_88' title='bbox 295 1387 463 1451; x_wconf 80' lang='lat' dir='ltr'>dumtaxat</span> <span class='ocrx_word' id='word_1_89' title='bbox 493 1385 649 1471; x_wconf 89' lang='lat' dir='ltr'>imputari</span> <span class='ocrx_word' id='word_1_90' title='bbox 680 1387 820 1470; x_wconf 86' lang='lat' dir='ltr'>emptori</span> <span class='ocrx_word' id='word_1_91' title='bbox 852 1408 892 1452; x_wconf 85' lang='lat' dir='ltr'>ex</span> <span class='ocrx_word' id='word_1_92' title='bbox 920 1388 1010 1454; x_wconf 88' lang='lat' dir='ltr'>facto</span> <span class='ocrx_word' id='word_1_93' title='bbox 1037 1412 1094 1475; x_wconf 90' lang='lat' dir='ltr'>pro</span> 
     </span>
     <span class='ocr_line' id='line_1_14' title="bbox 95 1475 1095 1560; baseline 0.002 -19"><span class='ocrx_word' id='word_1_94' title='bbox 95 1477 253 1541; x_wconf 88' lang='lat' dir='ltr'>curatoris</span> <span class='ocrx_word' id='word_1_95' title='bbox 282 1479 315 1539; x_wconf 91' lang='lat' dir='ltr'>et</span> <span class='ocrx_word' id='word_1_96' title='bbox 341 1475 500 1557; x_wconf 88' lang='lat' dir='ltr'>familiae,</span> <span class='ocrx_word' id='word_1_97' title='bbox 528 1475 613 1560; x_wconf 91' lang='lat' dir='ltr'>quod</span> <span class='ocrx_word' id='word_1_98' title='bbox 635 1475 787 1539; x_wconf 85' lang='lat' dir='ltr'>nonfuit</span> <span class='ocrx_word' id='word_1_99' title='bbox 809 1498 964 1560; x_wconf 88' lang='lat' dir='ltr'>passurus</span> <span class='ocrx_word' id='word_1_100' title='bbox 990 1499 1095 1543; x_wconf 82' lang='lat' dir='ltr'>servus</span> 
     </span>
     <span class='ocr_line' id='line_1_15' title="bbox 94 1564 1095 1650; baseline 0.002 -22"><span class='ocrx_word' id='word_1_101' title='bbox 94 1565 159 1629; x_wconf 89' lang='lat' dir='ltr'>nisi</span> <span class='ocrx_word' id='word_1_102' title='bbox 181 1564 336 1650; x_wconf 87' lang='lat' dir='ltr'>venisset;</span> <span class='ocrx_word' id='word_1_103' title='bbox 359 1564 443 1648; x_wconf 91' lang='lat' dir='ltr'>quod</span> <span class='ocrx_word' id='word_1_104' title='bbox 467 1568 574 1627; x_wconf 89' lang='lat' dir='ltr'>autem</span> <span class='ocrx_word' id='word_1_105' title='bbox 596 1584 749 1647; x_wconf 87' lang='lat' dir='ltr'>passurus</span> <span class='ocrx_word' id='word_1_106' title='bbox 774 1569 844 1629; x_wconf 89' lang='lat' dir='ltr'>erat</span> <span class='ocrx_word' id='word_1_107' title='bbox 861 1565 972 1650; x_wconf 87' lang='lat' dir='ltr'>etiam,</span> <span class='ocrx_word' id='word_1_108' title='bbox 997 1567 1095 1632; x_wconf 85' lang='lat' dir='ltr'>sinor</span> 
     </span>
     <span class='ocr_line' id='line_1_16' title="bbox 95 1652 1095 1736; baseline 0.004 -20"><span class='ocrx_word' id='word_1_109' title='bbox 95 1654 254 1736; x_wconf 88' lang='lat' dir='ltr'>venisset,</span> <span class='ocrx_word' id='word_1_110' title='bbox 281 1653 315 1716; x_wconf 92' lang='lat' dir='ltr'>in</span> <span class='ocrx_word' id='word_1_111' title='bbox 343 1674 380 1717; x_wconf 92' lang='lat' dir='ltr'>eo</span> <span class='ocrx_word' id='word_1_112' title='bbox 409 1652 538 1717; x_wconf 90' lang='lat' dir='ltr'>concedi</span> <span class='ocrx_word' id='word_1_113' title='bbox 568 1652 706 1734; x_wconf 86' lang='lat' dir='ltr'>emptori</span> <span class='ocrx_word' id='word_1_114' title='bbox 733 1653 817 1717; x_wconf 85' lang='lat' dir='ltr'>servi</span> <span class='ocrx_word' id='word_1_115' title='bbox 846 1654 896 1718; x_wconf 91' lang='lat' dir='ltr'>sui</span> <span class='ocrx_word' id='word_1_116' title='bbox 923 1676 1030 1720; x_wconf 85' lang='lat' dir='ltr'>noxae</span> <span class='ocrx_word' id='word_1_117' title='bbox 1056 1655 1095 1720; x_wconf 91' lang='lat' dir='ltr'>de</span> 
     </span>
     <span class='ocr_line' id='line_1_17' title="bbox 95 1740 1095 1826; baseline 0.002 -21"><span class='ocrx_word' id='word_1_118' title='bbox 95 1741 252 1806; x_wconf 88' lang='lat' dir='ltr'>ditionem</span> <span class='ocrx_word' id='word_1_119' title='bbox 276 1746 310 1806; x_wconf 89' lang='lat' dir='ltr'>et</span> <span class='ocrx_word' id='word_1_120' title='bbox 333 1762 371 1805; x_wconf 85' lang='lat' dir='ltr'>ex</span> <span class='ocrx_word' id='word_1_121' title='bbox 396 1762 447 1823; x_wconf 90' lang='lat' dir='ltr'>eo,</span> <span class='ocrx_word' id='word_1_122' title='bbox 472 1741 592 1824; x_wconf 92' lang='lat' dir='ltr'>inquit,</span> <span class='ocrx_word' id='word_1_123' title='bbox 615 1740 701 1826; x_wconf 91' lang='lat' dir='ltr'>quod</span> <span class='ocrx_word' id='word_1_124' title='bbox 723 1745 916 1825; x_wconf 89' lang='lat' dir='ltr'>procurator</span> <span class='ocrx_word' id='word_1_125' title='bbox 939 1742 1095 1809; x_wconf 92' lang='lat' dir='ltr'>commisit</span> 
     </span>
     <span class='ocr_line' id='line_1_18' title="bbox 96 1828 1095 1917; baseline 0.003 -22"><span class='ocrx_word' id='word_1_126' title='bbox 96 1831 200 1895; x_wconf 92' lang='lat' dir='ltr'>solum</span> <span class='ocrx_word' id='word_1_127' title='bbox 221 1830 384 1894; x_wconf 88' lang='lat' dir='ltr'>actionum</span> <span class='ocrx_word' id='word_1_128' title='bbox 404 1828 672 1912; x_wconf 80' lang='lat' dir='ltr'>praestantiorum</span> <span class='ocrx_word' id='word_1_129' title='bbox 690 1830 916 1896; x_wconf 89' lang='lat' dir='ltr'>necessitatem</span> <span class='ocrx_word' id='word_1_130' title='bbox 931 1833 961 1896; x_wconf 92' lang='lat' dir='ltr'>ei</span> <span class='ocrx_word' id='word_1_131' title='bbox 975 1830 1095 1917; x_wconf 81' lang='lat' dir='ltr'>iniungi</span> 
     </span>
    </p>
   </div>
   <div class='ocr_carea' id='block_1_6' title="bbox 96 1926 1095 2367">
    <p class='ocr_par' dir='ltr' id='par_1_6' title="bbox 96 1926 1095 2367">
     <span class='ocr_line' id='line_1_19' title="bbox 186 1926 1095 2011; baseline 0.001 -18"><span class='ocrx_word' id='word_1_132' title='bbox 186 1927 484 2011; x_wconf 82' lang='lat'>8.1).21,1,30‚1.</span> <span class='ocrx_word' id='word_1_133' title='bbox 524 1926 644 1991; x_wconf 90' lang='lat' dir='ltr'>Paulus</span> <span class='ocrx_word' id='word_1_134' title='bbox 667 1927 751 1992; x_wconf 92' lang='lat' dir='ltr'>libro</span> <span class='ocrx_word' id='word_1_135' title='bbox 775 1929 880 2010; x_wconf 90' lang='lat' dir='ltr'>primo</span> <span class='ocrx_word' id='word_1_136' title='bbox 905 1929 946 1993; x_wconf 88' lang='lat' dir='ltr'>ad</span> <span class='ocrx_word' id='word_1_137' title='bbox 970 1929 1095 1996; x_wconf 90' lang='lat' dir='ltr'>edictun</span> 
     </span>
     <span class='ocr_line' id='line_1_20' title="bbox 97 2011 1095 2103; baseline 0.002 -22"><span class='ocrx_word' id='word_1_138' title='bbox 97 2016 250 2081; x_wconf 92' lang='lat' dir='ltr'>aedilium</span> <span class='ocrx_word' id='word_1_139' title='bbox 283 2017 443 2080; x_wconf 88' lang='lat' dir='ltr'>curulium</span> <span class='ocrx_word' id='word_1_140' title='bbox 475 2013 526 2103; x_wconf 88' lang='lat' dir='ltr'>(P.</span> <span class='ocrx_word' id='word_1_141' title='bbox 546 2011 634 2102; x_wconf 81' lang='lat'><strong>836).</strong></span> <span class='ocrx_word' id='word_1_142' title='bbox 669 2052 707 2062; x_wconf 93' lang='lat'><strong>—</strong></span> <span class='ocrx_word' id='word_1_143' title='bbox 742 2015 829 2092; x_wconf 80' lang='lat' dir='ltr'>Quas</span> <span class='ocrx_word' id='word_1_144' title='bbox 862 2018 1026 2103; x_wconf 90' lang='lat' dir='ltr'>impensas</span> <span class='ocrx_word' id='word_1_145' title='bbox 1056 2039 1095 2083; x_wconf 90' lang='lat' dir='ltr'>ne</span> 
     </span>
     <span class='ocr_line' id='line_1_21' title="bbox 96 2104 1095 2190; baseline 0.003 -20"><span class='ocrx_word' id='word_1_146' title='bbox 96 2105 236 2170; x_wconf 89' lang='lat' dir='ltr'>cessario</span> <span class='ocrx_word' id='word_1_147' title='bbox 265 2104 299 2169; x_wconf 92' lang='lat' dir='ltr'>in</span> <span class='ocrx_word' id='word_1_148' title='bbox 327 2105 503 2170; x_wconf 91' lang='lat' dir='ltr'>curandum</span> <span class='ocrx_word' id='word_1_149' title='bbox 532 2126 660 2169; x_wconf 86' lang='lat' dir='ltr'>servum</span> <span class='ocrx_word' id='word_1_150' title='bbox 682 2108 758 2190; x_wconf 91' lang='lat' dir='ltr'>post</span> <span class='ocrx_word' id='word_1_151' title='bbox 779 2106 871 2170; x_wconf 91' lang='lat' dir='ltr'>litem</span> <span class='ocrx_word' id='word_1_152' title='bbox 895 2111 1095 2173; x_wconf 87' lang='lat' dir='ltr'>contestatau</span> 
     </span>
     <span class='ocr_line' id='line_1_22' title="bbox 100 2193 1095 2279; baseline 0.005 -22"><span class='ocrx_word' id='word_1_153' title='bbox 100 2197 227 2276; x_wconf 89' lang='lat' dir='ltr'>emptor</span> <span class='ocrx_word' id='word_1_154' title='bbox 252 2193 375 2275; x_wconf 86' lang='lat' dir='ltr'>fecerit,</span> <span class='ocrx_word' id='word_1_155' title='bbox 402 2193 590 2278; x_wconf 81' lang='lat' dir='ltr'>imputabit3</span> <span class='ocrx_word' id='word_1_156' title='bbox 617 2193 844 2276; x_wconf 90' lang='lat' dir='ltr'>praecedentes</span> <span class='ocrx_word' id='word_1_157' title='bbox 868 2195 1033 2279; x_wconf 89' lang='lat' dir='ltr'>impensas</span> <span class='ocrx_word' id='word_1_158' title='bbox 1056 2218 1095 2262; x_wconf 92' lang='lat' dir='ltr'>no</span> 
     </span>
     <span class='ocr_line' id='line_1_23' title="bbox 100 2280 739 2367; baseline 0.002 -21"><span class='ocrx_word' id='word_1_159' title='bbox 100 2283 248 2346; x_wconf 89' lang='lat' dir='ltr'>minatim</span> <span class='ocrx_word' id='word_1_160' title='bbox 275 2282 589 2367; x_wconf 89' lang='lat' dir='ltr'>comprehendendas</span> <span class='ocrx_word' id='word_1_161' title='bbox 612 2280 739 2347; x_wconf 89' lang='lat' dir='ltr'>Pedius.</span> 
     </span>
    </p>
   </div>
   <div class='ocr_carea' id='block_1_7' title="bbox 96 2377 1095 2996">
    <p class='ocr_par' dir='ltr' id='par_1_7' title="bbox 96 2377 1095 2996">
     <span class='ocr_line' id='line_1_24' title="bbox 97 2377 1095 2464; baseline 0.004 -20"><span class='ocrx_word' id='word_1_162' title='bbox 97 2448 99 2452; x_wconf 70' lang='grc'>,</span> <span class='ocrx_word' id='word_1_163' title='bbox 185 2381 214 2444; x_wconf 91' lang='grc'>9.</span> <span class='ocrx_word' id='word_1_164' title='bbox 235 2379 483 2463; x_wconf 82' lang='lat' dir='ltr'>D.21,1‚31‚11.</span> <span class='ocrx_word' id='word_1_165' title='bbox 519 2377 677 2462; x_wconf 87' lang='lat' dir='ltr'>Ulpianus</span> <span class='ocrx_word' id='word_1_166' title='bbox 692 2380 775 2444; x_wconf 91' lang='lat' dir='ltr'>libro</span> <span class='ocrx_word' id='word_1_167' title='bbox 791 2380 897 2464; x_wconf 91' lang='lat' dir='ltr'>primo</span> <span class='ocrx_word' id='word_1_168' title='bbox 913 2382 955 2446; x_wconf 90' lang='lat' dir='ltr'>ad</span> <span class='ocrx_word' id='word_1_169' title='bbox 969 2383 1095 2448; x_wconf 90' lang='lat' dir='ltr'>edictun</span> 
     </span>
     <span class='ocr_line' id='line_1_25' title="bbox 97 2466 1095 2556; baseline 0 -22"><span class='ocrx_word' id='word_1_170' title='bbox 97 2469 250 2535; x_wconf 85' lang='lat' dir='ltr'>aedilium</span> <span class='ocrx_word' id='word_1_171' title='bbox 277 2469 435 2534; x_wconf 90' lang='lat' dir='ltr'>curulium</span> <span class='ocrx_word' id='word_1_172' title='bbox 463 2466 512 2554; x_wconf 90' lang='lat' dir='ltr'>(P.</span> <span class='ocrx_word' id='word_1_173' title='bbox 533 2466 642 2553; x_wconf 85' lang='grc'><strong>1779).</strong></span> <span class='ocrx_word' id='word_1_174' title='bbox 669 2504 706 2514; x_wconf 93' lang='grc'><strong>-</strong></span> <span class='ocrx_word' id='word_1_175' title='bbox 733 2466 767 2533; x_wconf 86' lang='lat' dir='ltr'>Si</span> <span class='ocrx_word' id='word_1_176' title='bbox 795 2470 997 2553; x_wconf 87' lang='lat' dir='ltr'>mancipium</span> <span class='ocrx_word' id='word_1_177' title='bbox 1025 2492 1095 2556; x_wconf 77' lang='lat' dir='ltr'>quo(</span> 
     </span>
     <span class='ocr_line' id='line_1_26' title="bbox 96 2557 1095 2644; baseline 0.003 -22"><span class='ocrx_word' id='word_1_178' title='bbox 96 2558 259 2622; x_wconf 87' lang='lat' dir='ltr'>redhiberi</span> <span class='ocrx_word' id='word_1_179' title='bbox 285 2562 412 2641; x_wconf 89' lang='lat' dir='ltr'>oportet</span> <span class='ocrx_word' id='word_1_180' title='bbox 435 2561 596 2622; x_wconf 89' lang='lat' dir='ltr'>mortuum</span> <span class='ocrx_word' id='word_1_181' title='bbox 619 2557 695 2640; x_wconf 91' lang='lat' dir='ltr'>erit,</span> <span class='ocrx_word' id='word_1_182' title='bbox 721 2562 781 2622; x_wconf 90' lang='lat' dir='ltr'>hoc</span> <span class='ocrx_word' id='word_1_183' title='bbox 805 2563 990 2644; x_wconf 81' lang='lat' dir='ltr'>quaeretur,</span> <span class='ocrx_word' id='word_1_184' title='bbox 1018 2582 1095 2625; x_wconf 89' lang='lat' dir='ltr'>num</span> 
     </span>
     <span class='ocr_line' id='line_1_27' title="bbox 99 2645 1095 2732; baseline 0 -21"><span class='ocrx_word' id='word_1_185' title='bbox 99 2645 178 2731; x_wconf 92' lang='lat' dir='ltr'>quid</span> <span class='ocrx_word' id='word_1_186' title='bbox 202 2647 296 2730; x_wconf 89' lang='lat' dir='ltr'>culpa</span> <span class='ocrx_word' id='word_1_187' title='bbox 319 2646 474 2730; x_wconf 90' lang='lat' dir='ltr'>emptoris</span> <span class='ocrx_word' id='word_1_188' title='bbox 497 2648 548 2710; x_wconf 87' lang='lat' dir='ltr'>vel</span> <span class='ocrx_word' id='word_1_189' title='bbox 570 2645 713 2710; x_wconf 83' lang='lat' dir='ltr'>familiae</span> <span class='ocrx_word' id='word_1_190' title='bbox 734 2646 802 2710; x_wconf 90' lang='lat' dir='ltr'>eius</span> <span class='ocrx_word' id='word_1_191' title='bbox 821 2648 873 2711; x_wconf 82' lang='lat' dir='ltr'>rel</span> <span class='ocrx_word' id='word_1_192' title='bbox 891 2649 1095 2732; x_wconf 87' lang='lat' dir='ltr'>procuratori</span> 
     </span>
     <span class='ocr_line' id='line_1_28' title="bbox 98 2735 1095 2823; baseline 0.002 -24"><span class='ocrx_word' id='word_1_193' title='bbox 98 2736 195 2800; x_wconf 92' lang='lat' dir='ltr'>homo</span> <span class='ocrx_word' id='word_1_194' title='bbox 219 2736 404 2800; x_wconf 85' lang='lat' dir='ltr'>demortuus</span> <span class='ocrx_word' id='word_1_195' title='bbox 428 2736 485 2820; x_wconf 87' lang='lat' dir='ltr'>sit;</span> <span class='ocrx_word' id='word_1_196' title='bbox 512 2757 588 2799; x_wconf 89' lang='lat' dir='ltr'>nam</span> <span class='ocrx_word' id='word_1_197' title='bbox 612 2739 640 2798; x_wconf 92' lang='lat' dir='ltr'>si</span> <span class='ocrx_word' id='word_1_198' title='bbox 663 2737 758 2818; x_wconf 92' lang='lat' dir='ltr'>culpa</span> <span class='ocrx_word' id='word_1_199' title='bbox 781 2735 849 2799; x_wconf 91' lang='lat' dir='ltr'>eius</span> <span class='ocrx_word' id='word_1_200' title='bbox 873 2736 1026 2823; x_wconf 82' lang='lat' dir='ltr'>decessit,</span> <span class='ocrx_word' id='word_1_201' title='bbox 1052 2759 1095 2822; x_wconf 83' lang='lat' dir='ltr'>pn</span> 
     </span>
     <span class='ocr_line' id='line_1_29' title="bbox 99 2822 1095 2912; baseline -0.002 -24"><span class='ocrx_word' id='word_1_202' title='bbox 99 2825 171 2888; x_wconf 90' lang='lat' dir='ltr'>vivo</span> <span class='ocrx_word' id='word_1_203' title='bbox 204 2822 371 2888; x_wconf 90' lang='lat' dir='ltr'>habendus</span> <span class='ocrx_word' id='word_1_204' title='bbox 404 2827 466 2906; x_wconf 92' lang='lat' dir='ltr'>est,</span> <span class='ocrx_word' id='word_1_205' title='bbox 503 2828 536 2888; x_wconf 90' lang='lat' dir='ltr'>et</span> <span class='ocrx_word' id='word_1_206' title='bbox 568 2829 772 2907; x_wconf 89' lang='lat' dir='ltr'>praestentur</span> <span class='ocrx_word' id='word_1_207' title='bbox 805 2846 844 2888; x_wconf 90' lang='lat' dir='ltr'>ea</span> <span class='ocrx_word' id='word_1_208' title='bbox 877 2825 1000 2911; x_wconf 84' lang='lat' dir='ltr'>omnia,</span> <span class='ocrx_word' id='word_1_209' title='bbox 1032 2848 1095 2912; x_wconf 67' lang='lat' dir='ltr'>quar</span> 
     </span>
     <span class='ocr_line' id='line_1_30' title="bbox 98 2912 638 2996; baseline 0 -20"><span class='ocrx_word' id='word_1_210' title='bbox 98 2915 353 2996; x_wconf 87' lang='lat' dir='ltr'>praestarentur,</span> <span class='ocrx_word' id='word_1_211' title='bbox 377 2912 405 2976; x_wconf 92' lang='lat' dir='ltr'>si</span> <span class='ocrx_word' id='word_1_212' title='bbox 428 2914 557 2976; x_wconf 87' lang='lat' dir='ltr'>viveret.</span> <span class='ocrx_word' id='word_1_213' title='bbox 636 2948 638 2953; x_wconf 94' lang='lat'>·</span> 
     </span>
    </p>
   </div>
   <div class='ocr_carea' id='block_1_8' title="bbox 99 3007 1095 3430">
    <p class='ocr_par' dir='ltr' id='par_1_8' title="bbox 99 3007 1095 3430">
     <span class='ocr_line' id='line_1_31' title="bbox 189 3007 1095 3096; baseline 0.001 -23"><span class='ocrx_word' id='word_1_214' title='bbox 189 3009 239 3073; x_wconf 90' lang='lat'>10.</span> <span class='ocrx_word' id='word_1_215' title='bbox 263 3007 302 3073; x_wconf 90' lang='lat' dir='ltr'>D.</span> <span class='ocrx_word' id='word_1_216' title='bbox 316 3008 392 3073; x_wconf 92' lang='lat' dir='ltr'>ibid.</span> <span class='ocrx_word' id='word_1_217' title='bbox 411 3011 431 3090; x_wconf 64' lang='grc' dir='ltr'>ξ</span> <span class='ocrx_word' id='word_1_218' title='bbox 447 3009 497 3074; x_wconf 89' lang='grc'>13.</span> <span class='ocrx_word' id='word_1_219' title='bbox 515 3044 553 3055; x_wconf 92' lang='grc'>-</span> <span class='ocrx_word' id='word_1_220' title='bbox 633 3008 661 3071; x_wconf 92' lang='lat' dir='ltr'>si</span> <span class='ocrx_word' id='word_1_221' title='bbox 680 3014 754 3092; x_wconf 88' lang='lat' dir='ltr'>post</span> <span class='ocrx_word' id='word_1_222' title='bbox 772 3009 928 3074; x_wconf 88' lang='lat' dir='ltr'>iudicium</span> <span class='ocrx_word' id='word_1_223' title='bbox 948 3016 1095 3096; x_wconf 90' lang='lat' dir='ltr'>acceptun</span> 
     </span>
     <span class='ocr_line' id='line_1_32' title="bbox 99 3097 1095 3182; baseline 0 -19"><span class='ocrx_word' id='word_1_224' title='bbox 99 3099 273 3163; x_wconf 84' lang='lat' dir='ltr'>decessisse</span> <span class='ocrx_word' id='word_1_225' title='bbox 296 3103 504 3182; x_wconf 89' lang='lat' dir='ltr'>proponatur,</span> <span class='ocrx_word' id='word_1_226' title='bbox 526 3101 603 3162; x_wconf 90' lang='lat' dir='ltr'>tunc</span> <span class='ocrx_word' id='word_1_227' title='bbox 621 3097 655 3160; x_wconf 90' lang='lat' dir='ltr'>in</span> <span class='ocrx_word' id='word_1_228' title='bbox 675 3099 843 3163; x_wconf 88' lang='lat' dir='ltr'>arbitrium</span> <span class='ocrx_word' id='word_1_229' title='bbox 862 3098 977 3164; x_wconf 90' lang='lat' dir='ltr'>iudicis</span> <span class='ocrx_word' id='word_1_230' title='bbox 997 3101 1095 3166; x_wconf 87' lang='lat' dir='ltr'>veniel</span> 
     </span>
     <span class='ocr_line' id='line_1_33' title="bbox 99 3187 1095 3275; baseline 0 -23"><span class='ocrx_word' id='word_1_231' title='bbox 99 3187 238 3273; x_wconf 90' lang='lat' dir='ltr'>qualiter</span> <span class='ocrx_word' id='word_1_232' title='bbox 265 3191 411 3251; x_wconf 91' lang='lat' dir='ltr'>mortuus</span> <span class='ocrx_word' id='word_1_233' title='bbox 439 3187 495 3269; x_wconf 70' lang='lat' dir='ltr'>sit,</span> <span class='ocrx_word' id='word_1_234' title='bbox 528 3190 565 3250; x_wconf 91' lang='lat' dir='ltr'>ut</span> <span class='ocrx_word' id='word_1_235' title='bbox 592 3187 676 3250; x_wconf 91' lang='lat' dir='ltr'>enim</span> <span class='ocrx_word' id='word_1_236' title='bbox 706 3192 739 3251; x_wconf 91' lang='lat' dir='ltr'>et</span> <span class='ocrx_word' id='word_1_237' title='bbox 766 3187 863 3251; x_wconf 90' lang='lat' dir='ltr'>Pedio</span> <span class='ocrx_word' id='word_1_238' title='bbox 893 3187 1034 3275; x_wconf 86' lang='lat' dir='ltr'>videtur,</span> <span class='ocrx_word' id='word_1_239' title='bbox 1065 3209 1095 3252; x_wconf 91' lang='lat' dir='ltr'>ea</span> 
     </span>
     <span class='ocr_line' id='line_1_34' title="bbox 100 3274 1095 3364; baseline 0.002 -24"><span class='ocrx_word' id='word_1_240' title='bbox 100 3297 316 3361; x_wconf 86' lang='lat' dir='ltr'>quaecumque</span> <span class='ocrx_word' id='word_1_241' title='bbox 344 3278 420 3358; x_wconf 91' lang='lat' dir='ltr'>post</span> <span class='ocrx_word' id='word_1_242' title='bbox 443 3275 511 3339; x_wconf 90' lang='lat' dir='ltr'>litis</span> <span class='ocrx_word' id='word_1_243' title='bbox 536 3274 805 3340; x_wconf 87' lang='lat' dir='ltr'>contestationem</span> <span class='ocrx_word' id='word_1_244' title='bbox 830 3277 1037 3364; x_wconf 80' lang='lat' dir='ltr'>contingunt,</span> <span class='ocrx_word' id='word_1_245' title='bbox 1063 3298 1095 3343; x_wconf 89' lang='lat' dir='ltr'>ar</span> 
     </span>
     <span class='ocr_line' id='line_1_35' title="bbox 100 3363 586 3430; baseline -0.002 -1"><span class='ocrx_word' id='word_1_246' title='bbox 100 3366 232 3430; x_wconf 92' lang='lat' dir='ltr'>bitrium</span> <span class='ocrx_word' id='word_1_247' title='bbox 256 3363 370 3429; x_wconf 89' lang='lat' dir='ltr'>iudicis</span> <span class='ocrx_word' id='word_1_248' title='bbox 394 3363 586 3428; x_wconf 89' lang='lat' dir='ltr'>desiderant.</span> 
     </span>
    </p>
   </div>
   <div class='ocr_carea' id='block_1_9' title="bbox 171 3553 601 3612">
    <p class='ocr_par' dir='ltr' id='par_1_9' title="bbox 171 3553 601 3612">
     <span class='ocr_line' id='line_1_36' title="bbox 171 3553 601 3612; baseline 0.007 -4"><span class='ocrx_word' id='word_1_249' title='bbox 171 3562 185 3608; x_wconf 95' lang='lat'>1</span> <span class='ocrx_word' id='word_1_250' title='bbox 206 3555 253 3609; x_wconf 78' lang='lat' dir='ltr'>Fr.</span> <span class='ocrx_word' id='word_1_251' title='bbox 271 3553 397 3609; x_wconf 86' lang='lat' dir='ltr'>venditio</span> <span class='ocrx_word' id='word_1_252' title='bbox 416 3555 601 3612; x_wconf 88' lang='lat' dir='ltr'>remansisset.</span> 
     </span>
    </p>
   </div>
   <div class='ocr_carea' id='block_1_10' title="bbox 0 0 1221 3976">
    <p class='ocr_par' dir='ltr' id='par_1_10' title="bbox 0 0 1221 3976">
     <span class='ocr_line' id='line_1_37' title="bbox 0 0 1221 3976; baseline 0 0"><span class='ocrx_word' id='word_1_253' title='bbox 0 0 1221 3976; x_wconf 95' lang='lat' dir='ltr'> </span> 
     </span>
    </p>
   </div>
  </div>
 </body>
</html>
