<?xml version="1.0" encoding="UTF-8"?>
<!DOCTYPE html PUBLIC "-//W3C//DTD XHTML 1.0 Transitional//EN"
    "http://www.w3.org/TR/xhtml1/DTD/xhtml1-transitional.dtd">
<html xmlns="http://www.w3.org/1999/xhtml" xml:lang="en" lang="en">
 <head>
  <title>
</title>
<meta http-equiv="Content-Type" content="text/html;charset=utf-8" />
  <meta name='ocr-system' content='tesseract 3.04.00' />
  <meta name='ocr-capabilities' content='ocr_page ocr_carea ocr_par ocr_line ocrx_word'/>
</head>
<body>
  <div class='ocr_page' id='page_1' title='image "./iurisprudentiae01bremgoog_0104.png"; bbox 0 0 2422 3976; ppageno 0'>
   <div class='ocr_carea' id='block_1_1' title="bbox 389 207 1114 277">
    <p class='ocr_par' dir='ltr' id='par_1_1' title="bbox 389 207 1114 277">
     <span class='ocr_line' id='line_1_1' title="bbox 389 207 1114 277; baseline 0.007 -15"><span class='ocrx_word' id='word_1_1' title='bbox 389 214 415 262; x_wconf 80' lang='lat'>4.</span> <span class='ocrx_word' id='word_1_2' title='bbox 434 207 462 264; x_wconf 81' lang='lat'>0.</span> <span class='ocrx_word' id='word_1_3' title='bbox 479 208 624 264; x_wconf 86' lang='lat' dir='ltr'>CASSIUS</span> <span class='ocrx_word' id='word_1_4' title='bbox 643 209 826 265; x_wconf 85' lang='lat' dir='ltr'>LONGINUS</span> <span class='ocrx_word' id='word_1_5' title='bbox 1072 213 1114 277; x_wconf 83' lang='grc'>69</span> 
     </span>
    </p>
   </div>
   <div class='ocr_carea' id='block_1_2' title="bbox 106 369 1114 881">
    <p class='ocr_par' dir='ltr' id='par_1_2' title="bbox 106 369 1114 809">
     <span class='ocr_line' id='line_1_2' title="bbox 192 369 1113 458; baseline 0.005 -24"><span class='ocrx_word' id='word_1_6' title='bbox 192 370 267 436; x_wconf 83' lang='lat'>130.</span> <span class='ocrx_word' id='word_1_7' title='bbox 301 369 340 435; x_wconf 91' lang='lat' dir='ltr'>D.</span> <span class='ocrx_word' id='word_1_8' title='bbox 360 370 411 453; x_wconf 81' lang='lat'>50,</span> <span class='ocrx_word' id='word_1_9' title='bbox 433 372 484 453; x_wconf 83' lang='lat'>16,</span> <span class='ocrx_word' id='word_1_10' title='bbox 502 371 575 437; x_wconf 84' lang='lat'>215.</span> <span class='ocrx_word' id='word_1_11' title='bbox 625 372 745 437; x_wconf 90' lang='lat' dir='ltr'>Paulus</span> <span class='ocrx_word' id='word_1_12' title='bbox 776 373 859 439; x_wconf 90' lang='lat' dir='ltr'>libro</span> <span class='ocrx_word' id='word_1_13' title='bbox 888 374 1046 458; x_wconf 80' lang='lat' dir='ltr'>singulari</span> <span class='ocrx_word' id='word_1_14' title='bbox 1073 377 1113 440; x_wconf 91' lang='lat' dir='ltr'>ad</span> 
     </span>
     <span class='ocr_line' id='line_1_3' title="bbox 109 457 1113 549; baseline 0.007 -28"><span class='ocrx_word' id='word_1_15' title='bbox 109 458 207 543; x_wconf 89' lang='lat' dir='ltr'>legem</span> <span class='ocrx_word' id='word_1_16' title='bbox 226 457 353 523; x_wconf 85' lang='lat' dir='ltr'>Fufiam</span> <span class='ocrx_word' id='word_1_17' title='bbox 371 457 540 525; x_wconf 79' lang='lat' dir='ltr'>Caniniam</span> <span class='ocrx_word' id='word_1_18' title='bbox 560 459 607 546; x_wconf 93' lang='lat' dir='ltr'>(P.</span> <span class='ocrx_word' id='word_1_19' title='bbox 623 458 712 549; x_wconf 86' lang='grc'>926).</span> <span class='ocrx_word' id='word_1_20' title='bbox 733 497 771 509; x_wconf 91' lang='grc'>-</span> <span class='ocrx_word' id='word_1_21' title='bbox 792 512 844 528; x_wconf 93' lang='grc'>...</span> <span class='ocrx_word' id='word_1_22' title='bbox 862 463 897 526; x_wconf 91' lang='lat' dir='ltr'>in</span> <span class='ocrx_word' id='word_1_23' title='bbox 914 464 986 546; x_wconf 89' lang='lat' dir='ltr'>lege</span> <span class='ocrx_word' id='word_1_24' title='bbox 1000 463 1113 528; x_wconf 85' lang='lat' dir='ltr'>Atinia</span> 
     </span>
     <span class='ocr_line' id='line_1_4' title="bbox 107 546 1113 636; baseline 0.007 -26"><span class='ocrx_word' id='word_1_25' title='bbox 107 546 136 610; x_wconf 92' lang='lat' dir='ltr'>in</span> <span class='ocrx_word' id='word_1_26' title='bbox 157 550 358 631; x_wconf 86' lang='lat' dir='ltr'>potestatem</span> <span class='ocrx_word' id='word_1_27' title='bbox 381 549 505 613; x_wconf 89' lang='lat' dir='ltr'>domini</span> <span class='ocrx_word' id='word_1_28' title='bbox 527 571 595 614; x_wconf 87' lang='lat' dir='ltr'>rem</span> <span class='ocrx_word' id='word_1_29' title='bbox 619 549 773 614; x_wconf 81' lang='lat' dir='ltr'><strong>furtivam</strong></span> <span class='ocrx_word' id='word_1_30' title='bbox 796 552 921 617; x_wconf 88' lang='lat' dir='ltr'>venisse</span> <span class='ocrx_word' id='word_1_31' title='bbox 945 551 1056 636; x_wconf 84' lang='lat' dir='ltr'>videri,</span> <span class='ocrx_word' id='word_1_32' title='bbox 1078 556 1113 617; x_wconf 92' lang='lat' dir='ltr'>et</span> 
     </span>
     <span class='ocr_line' id='line_1_5' title="bbox 107 636 1114 723; baseline 0.007 -24"><span class='ocrx_word' id='word_1_33' title='bbox 107 636 130 699; x_wconf 92' lang='lat' dir='ltr'>si</span> <span class='ocrx_word' id='word_1_34' title='bbox 155 637 224 700; x_wconf 93' lang='lat' dir='ltr'>eius</span> <span class='ocrx_word' id='word_1_35' title='bbox 257 636 466 702; x_wconf 81' lang='lat' dir='ltr'>vindicandae</span> <span class='ocrx_word' id='word_1_36' title='bbox 494 642 689 723; x_wconf 88' lang='lat' dir='ltr'>potestatem</span> <span class='ocrx_word' id='word_1_37' title='bbox 719 639 880 723; x_wconf 83' lang='lat' dir='ltr'>habuerit,</span> <span class='ocrx_word' id='word_1_38' title='bbox 913 638 1051 706; x_wconf 83' lang='lat' dir='ltr'>Sabinus</span> <span class='ocrx_word' id='word_1_39' title='bbox 1081 647 1114 706; x_wconf 94' lang='lat' dir='ltr'>et</span> 
     </span>
     <span class='ocr_line' id='line_1_6' title="bbox 106 721 359 809; baseline 0.008 -21"><span class='ocrx_word' id='word_1_40' title='bbox 106 721 233 790; x_wconf 80' lang='lat' dir='ltr'>Cassius</span> <span class='ocrx_word' id='word_1_41' title='bbox 252 726 359 809; x_wconf 84' lang='lat' dir='ltr'>aiunt.</span> 
     </span>
    </p>

    <p class='ocr_par' dir='ltr' id='par_1_3' title="bbox 473 813 744 881">
     <span class='ocr_line' id='line_1_7' title="bbox 473 813 744 881; baseline 0.007 -2"><span class='ocrx_word' id='word_1_42' title='bbox 473 813 523 879; x_wconf 87' lang='lat' dir='ltr'>De</span> <span class='ocrx_word' id='word_1_43' title='bbox 544 817 744 881; x_wconf 76' lang='lat' dir='ltr'>servitutibus.</span> 
     </span>
    </p>
   </div>
   <div class='ocr_carea' id='block_1_3' title="bbox 98 928 1112 1633">
    <p class='ocr_par' dir='ltr' id='par_1_4' title="bbox 98 928 1112 1633">
     <span class='ocr_line' id='line_1_8' title="bbox 190 928 1111 1015; baseline 0.005 -23"><span class='ocrx_word' id='word_1_44' title='bbox 190 928 265 992; x_wconf 87' lang='lat'>131.</span> <span class='ocrx_word' id='word_1_45' title='bbox 288 928 327 992; x_wconf 93' lang='lat' dir='ltr'>D.</span> <span class='ocrx_word' id='word_1_46' title='bbox 343 929 507 1014; x_wconf 84' lang='lat' dir='ltr'>8,1,4pr.</span> <span class='ocrx_word' id='word_1_47' title='bbox 544 929 743 1013; x_wconf 80' lang='lat' dir='ltr'>Papinianus</span> <span class='ocrx_word' id='word_1_48' title='bbox 758 930 841 994; x_wconf 90' lang='lat' dir='ltr'>libro</span> <span class='ocrx_word' id='word_1_49' title='bbox 856 931 993 1015; x_wconf 89' lang='lat' dir='ltr'>septimo</span> <span class='ocrx_word' id='word_1_50' title='bbox 1009 932 1111 1008; x_wconf 82' lang='lat' dir='ltr'>Quae-</span> 
     </span>
     <span class='ocr_line' id='line_1_9' title="bbox 103 1016 1112 1105; baseline 0.006 -25"><span class='ocrx_word' id='word_1_51' title='bbox 103 1017 244 1082; x_wconf 88' lang='lat' dir='ltr'>stionum</span> <span class='ocrx_word' id='word_1_52' title='bbox 263 1016 311 1102; x_wconf 88' lang='lat' dir='ltr'>(P.</span> <span class='ocrx_word' id='word_1_53' title='bbox 328 1016 416 1102; x_wconf 77' lang='lat'>129).</span> <span class='ocrx_word' id='word_1_54' title='bbox 430 1055 474 1064; x_wconf 90' lang='lat'>—</span> <span class='ocrx_word' id='word_1_55' title='bbox 488 1017 667 1083; x_wconf 74' lang='lat' dir='ltr'>servitutes</span> <span class='ocrx_word' id='word_1_56' title='bbox 686 1020 758 1104; x_wconf 90' lang='lat' dir='ltr'>ipso</span> <span class='ocrx_word' id='word_1_57' title='bbox 774 1021 903 1103; x_wconf 88' lang='lat' dir='ltr'>quidem</span> <span class='ocrx_word' id='word_1_58' title='bbox 921 1020 989 1084; x_wconf 89' lang='lat' dir='ltr'>iure</span> <span class='ocrx_word' id='word_1_59' title='bbox 1008 1042 1112 1105; x_wconf 90' lang='lat' dir='ltr'>neque</span> 
     </span>
     <span class='ocr_line' id='line_1_10' title="bbox 101 1107 1112 1192; baseline 0.004 -23"><span class='ocrx_word' id='word_1_60' title='bbox 101 1126 136 1168; x_wconf 88' lang='lat' dir='ltr'>ex</span> <span class='ocrx_word' id='word_1_61' title='bbox 168 1110 318 1190; x_wconf 86' lang='lat' dir='ltr'>tempore</span> <span class='ocrx_word' id='word_1_62' title='bbox 348 1128 452 1192; x_wconf 92' lang='lat' dir='ltr'>neque</span> <span class='ocrx_word' id='word_1_63' title='bbox 480 1107 521 1170; x_wconf 93' lang='lat' dir='ltr'>ad</span> <span class='ocrx_word' id='word_1_64' title='bbox 547 1109 677 1191; x_wconf 88' lang='lat' dir='ltr'>tempus</span> <span class='ocrx_word' id='word_1_65' title='bbox 704 1130 809 1192; x_wconf 90' lang='lat' dir='ltr'>neque</span> <span class='ocrx_word' id='word_1_66' title='bbox 837 1107 896 1171; x_wconf 91' lang='lat' dir='ltr'>sub</span> <span class='ocrx_word' id='word_1_67' title='bbox 925 1109 1112 1173; x_wconf 80' lang='lat' dir='ltr'>condicione</span> 
     </span>
     <span class='ocr_line' id='line_1_11' title="bbox 100 1194 1112 1350; baseline 0.002 -4"><span class='ocrx_word' id='word_1_68' title='bbox 100 1216 220 1348; x_wconf 64' lang='lat' dir='ltr'>”tt</span> <span class='ocrx_word' id='word_1_69' title='bbox 233 1194 419 1348; x_wconf 55' lang='lat' dir='ltr'>”loisellii</span> <span class='ocrx_word' id='word_1_70' title='bbox 444 1195 1112 1350; x_wconf 46' lang='lat' dir='ltr'>tlttltffltattitulat?</span> 
     </span>
     <span class='ocr_line' id='line_1_12' title="bbox 99 1304 1111 1457; baseline 0.002 -21"><span class='ocrx_word' id='word_1_71' title='bbox 99 1304 186 1455; x_wconf 64' lang='lat' dir='ltr'>licei</span> <span class='ocrx_word' id='word_1_72' title='bbox 211 1332 264 1436; x_wconf 80' lang='lat' dir='ltr'>v&#39;el</span> <span class='ocrx_word' id='word_1_73' title='bbox 286 1393 344 1454; x_wconf 89' lang='lat' dir='ltr'>per</span> <span class='ocrx_word' id='word_1_74' title='bbox 366 1308 441 1438; x_wconf 73' lang='lat' dir='ltr'>doli</span> <span class='ocrx_word' id='word_1_75' title='bbox 456 1333 677 1456; x_wconf 80' lang='lat' dir='ltr'>exceptionem</span> <span class='ocrx_word' id='word_1_76' title='bbox 701 1377 887 1438; x_wconf 81' lang='lat' dir='ltr'>occurretur</span> <span class='ocrx_word' id='word_1_77' title='bbox 909 1377 1023 1439; x_wconf 88' lang='lat' dir='ltr'>eontra</span> <span class='ocrx_word' id='word_1_78' title='bbox 1043 1336 1111 1457; x_wconf 62' lang='lat' dir='ltr'>plas</span> 
     </span>
     <span class='ocr_line' id='line_1_13' title="bbox 98 1459 1109 1546; baseline 0.003 -22"><span class='ocrx_word' id='word_1_79' title='bbox 98 1459 163 1525; x_wconf 87' lang='lat' dir='ltr'>eita</span> <span class='ocrx_word' id='word_1_80' title='bbox 193 1461 381 1525; x_wconf 86' lang='lat' dir='ltr'>servitutem</span> <span class='ocrx_word' id='word_1_81' title='bbox 408 1461 599 1543; x_wconf 76' lang='lat' dir='ltr'>vindicanti,</span> <span class='ocrx_word' id='word_1_82' title='bbox 625 1461 721 1546; x_wconf 93' lang='lat' dir='ltr'>idque</span> <span class='ocrx_word' id='word_1_83' title='bbox 744 1467 777 1526; x_wconf 94' lang='lat' dir='ltr'>et</span> <span class='ocrx_word' id='word_1_84' title='bbox 799 1459 955 1527; x_wconf 83' lang='lat' dir='ltr'>Sabinum</span> <span class='ocrx_word' id='word_1_85' title='bbox 978 1484 1109 1546; x_wconf 90' lang='lat' dir='ltr'>respon·</span> 
     </span>
     <span class='ocr_line' id='line_1_14' title="bbox 98 1547 794 1633; baseline 0.003 -21"><span class='ocrx_word' id='word_1_86' title='bbox 98 1549 184 1613; x_wconf 84' lang='lat' dir='ltr'>disse</span> <span class='ocrx_word' id='word_1_87' title='bbox 208 1547 344 1615; x_wconf 79' lang='lat' dir='ltr'>Cassius</span> <span class='ocrx_word' id='word_1_88' title='bbox 368 1551 494 1615; x_wconf 88' lang='lat' dir='ltr'>rettulit</span> <span class='ocrx_word' id='word_1_89' title='bbox 517 1554 550 1615; x_wconf 89' lang='lat' dir='ltr'>et</span> <span class='ocrx_word' id='word_1_90' title='bbox 573 1551 636 1614; x_wconf 91' lang='lat' dir='ltr'>sibi</span> <span class='ocrx_word' id='word_1_91' title='bbox 658 1549 794 1633; x_wconf 88' lang='lat' dir='ltr'>plaeere.</span> 
     </span>
    </p>
   </div>
   <div class='ocr_carea' id='block_1_4' title="bbox 450 1732 764 1792">
    <p class='ocr_par' dir='ltr' id='par_1_5' title="bbox 450 1732 764 1792">
     <span class='ocr_line' id='line_1_15' title="bbox 450 1732 764 1792; baseline 0.006 -2"><span class='ocrx_word' id='word_1_92' title='bbox 450 1732 497 1790; x_wconf 89' lang='lat' dir='ltr'>De</span> <span class='ocrx_word' id='word_1_93' title='bbox 517 1734 620 1791; x_wconf 77' lang='lat' dir='ltr'>itinere</span> <span class='ocrx_word' id='word_1_94' title='bbox 642 1736 668 1790; x_wconf 83' lang='lat' dir='ltr'>et</span> <span class='ocrx_word' id='word_1_95' title='bbox 689 1737 764 1792; x_wconf 82' lang='lat' dir='ltr'>uota.</span> 
     </span>
    </p>
   </div>
   <div class='ocr_carea' id='block_1_5' title="bbox 97 1839 1112 2193">
    <p class='ocr_par' dir='ltr' id='par_1_6' title="bbox 97 1839 1112 2193">
     <span class='ocr_line' id='line_1_16' title="bbox 191 1839 1111 1926; baseline 0.002 -20"><span class='ocrx_word' id='word_1_96' title='bbox 191 1839 279 1906; x_wconf 76' lang='lat'>132?</span> <span class='ocrx_word' id='word_1_97' title='bbox 297 1840 503 1926; x_wconf 86' lang='lat' dir='ltr'>D.8,3‚13,1.</span> <span class='ocrx_word' id='word_1_98' title='bbox 530 1841 701 1906; x_wconf 83' lang='lat' dir='ltr'>Iavolenus</span> <span class='ocrx_word' id='word_1_99' title='bbox 711 1842 796 1906; x_wconf 87' lang='lat' dir='ltr'>libro</span> <span class='ocrx_word' id='word_1_100' title='bbox 807 1842 929 1908; x_wconf 86' lang='lat' dir='ltr'>decimo</span> <span class='ocrx_word' id='word_1_101' title='bbox 940 1865 978 1908; x_wconf 85' lang='lat' dir='ltr'>ex</span> <span class='ocrx_word' id='word_1_102' title='bbox 988 1840 1111 1908; x_wconf 70' lang='lat' dir='ltr'>(tassio.</span> 
     </span>
     <span class='ocr_line' id='line_1_17' title="bbox 99 1929 1112 2016; baseline 0 -22"><span class='ocrx_word' id='word_1_103' title='bbox 99 1965 138 1976; x_wconf 93' lang='lat'><em>-</em></span> <span class='ocrx_word' id='word_1_104' title='bbox 166 1929 203 1994; x_wconf 87' lang='lat' dir='ltr'>Si</span> <span class='ocrx_word' id='word_1_105' title='bbox 229 1935 319 1994; x_wconf 91' lang='lat' dir='ltr'>totus</span> <span class='ocrx_word' id='word_1_106' title='bbox 343 1950 421 2013; x_wconf 89' lang='lat' dir='ltr'>ager</span> <span class='ocrx_word' id='word_1_107' title='bbox 442 1930 551 1994; x_wconf 90' lang='lat' dir='ltr'>itineri</span> <span class='ocrx_word' id='word_1_108' title='bbox 574 1933 630 1994; x_wconf 88' lang='lat' dir='ltr'>aut</span> <span class='ocrx_word' id='word_1_109' title='bbox 653 1932 739 1995; x_wconf 88' lang='lat' dir='ltr'>aotui</span> <span class='ocrx_word' id='word_1_110' title='bbox 762 1933 876 2016; x_wconf 88' lang='lat' dir='ltr'>servit,</span> <span class='ocrx_word' id='word_1_111' title='bbox 903 1931 1052 1996; x_wconf 90' lang='lat' dir='ltr'>dominus</span> <span class='ocrx_word' id='word_1_112' title='bbox 1076 1932 1112 1995; x_wconf 91' lang='lat' dir='ltr'>in</span> 
     </span>
     <span class='ocr_line' id='line_1_18' title="bbox 97 2018 1112 2104; baseline 0 -22"><span class='ocrx_word' id='word_1_113' title='bbox 97 2040 135 2083; x_wconf 91' lang='lat' dir='ltr'>eo</span> <span class='ocrx_word' id='word_1_114' title='bbox 165 2039 247 2103; x_wconf 88' lang='lat' dir='ltr'>agro</span> <span class='ocrx_word' id='word_1_115' title='bbox 276 2018 358 2081; x_wconf 87' lang='lat' dir='ltr'>nihil</span> <span class='ocrx_word' id='word_1_116' title='bbox 384 2018 489 2082; x_wconf 82' lang='lat' dir='ltr'>faeere</span> <span class='ocrx_word' id='word_1_117' title='bbox 512 2022 633 2102; x_wconf 85' lang='lat' dir='ltr'>potest,</span> <span class='ocrx_word' id='word_1_118' title='bbox 662 2041 724 2104; x_wconf 92' lang='lat' dir='ltr'>quo</span> <span class='ocrx_word' id='word_1_119' title='bbox 749 2021 886 2084; x_wconf 83' lang='lat' dir='ltr'>servitus</span> <span class='ocrx_word' id='word_1_120' title='bbox 910 2019 1112 2104; x_wconf 82' lang='lat' dir='ltr'>impediatur,</span> 
     </span>
     <span class='ocr_line' id='line_1_19' title="bbox 98 2106 985 2193; baseline 0.001 -22"><span class='ocrx_word' id='word_1_121' title='bbox 98 2129 181 2193; x_wconf 88' lang='lat' dir='ltr'>quae</span> <span class='ocrx_word' id='word_1_122' title='bbox 205 2109 253 2171; x_wconf 89' lang='lat' dir='ltr'>ita</span> <span class='ocrx_word' id='word_1_123' title='bbox 276 2106 392 2172; x_wconf 88' lang='lat' dir='ltr'>diffusa</span> <span class='ocrx_word' id='word_1_124' title='bbox 416 2111 478 2186; x_wconf 84' lang='lat' dir='ltr'>est,</span> <span class='ocrx_word' id='word_1_125' title='bbox 501 2112 538 2171; x_wconf 92' lang='lat' dir='ltr'>ut</span> <span class='ocrx_word' id='word_1_126' title='bbox 561 2128 673 2172; x_wconf 90' lang='lat' dir='ltr'>omnes</span> <span class='ocrx_word' id='word_1_127' title='bbox 697 2109 810 2191; x_wconf 84' lang='lat' dir='ltr'>glebae</span> <span class='ocrx_word' id='word_1_128' title='bbox 834 2108 985 2173; x_wconf 87' lang='lat' dir='ltr'>serviant.</span> 
     </span>
    </p>
   </div>
   <div class='ocr_carea' id='block_1_6' title="bbox 188 2212 821 2279">
    <p class='ocr_par' dir='ltr' id='par_1_7' title="bbox 188 2212 821 2279">
     <span class='ocr_line' id='line_1_20' title="bbox 188 2212 821 2279; baseline 0.002 -2"><span class='ocrx_word' id='word_1_129' title='bbox 188 2218 283 2277; x_wconf 88' lang='lat' dir='ltr'>Lenel</span> <span class='ocrx_word' id='word_1_130' title='bbox 306 2221 404 2278; x_wconf 86' lang='lat' dir='ltr'>notat:</span> <span class='ocrx_word' id='word_1_131' title='bbox 428 2212 536 2277; x_wconf 80' lang='lat' dir='ltr'>‘Cassii</span> <span class='ocrx_word' id='word_1_132' title='bbox 559 2219 686 2278; x_wconf 86' lang='lat' dir='ltr'>fortasse</span> <span class='ocrx_word' id='word_1_133' title='bbox 709 2212 821 2279; x_wconf 66' lang='lat' dir='ltr'>verba?</span> 
     </span>
    </p>
   </div>
   <div class='ocr_carea' id='block_1_7' title="bbox 97 2319 1112 2760">
    <p class='ocr_par' dir='ltr' id='par_1_8' title="bbox 97 2319 1112 2760">
     <span class='ocr_line' id='line_1_21' title="bbox 190 2319 1112 2404; baseline 0.001 -21"><span class='ocrx_word' id='word_1_134' title='bbox 190 2320 266 2384; x_wconf 87' lang='grc'><strong>133.</strong></span> <span class='ocrx_word' id='word_1_135' title='bbox 288 2319 329 2384; x_wconf 92' lang='lat' dir='ltr'>D.</span> <span class='ocrx_word' id='word_1_136' title='bbox 340 2321 369 2401; x_wconf 91' lang='lat'>8,</span> <span class='ocrx_word' id='word_1_137' title='bbox 380 2321 409 2403; x_wconf 87' lang='lat'>6,</span> <span class='ocrx_word' id='word_1_138' title='bbox 419 2321 449 2384; x_wconf 78' lang='lat'>2.</span> <span class='ocrx_word' id='word_1_139' title='bbox 495 2320 614 2384; x_wconf 90' lang='lat' dir='ltr'>Paulus</span> <span class='ocrx_word' id='word_1_140' title='bbox 637 2320 722 2385; x_wconf 87' lang='lat' dir='ltr'>libro</span> <span class='ocrx_word' id='word_1_141' title='bbox 746 2321 920 2385; x_wconf 83' lang='lat' dir='ltr'>vicensimo</span> <span class='ocrx_word' id='word_1_142' title='bbox 943 2321 1047 2404; x_wconf 90' lang='lat' dir='ltr'>primo</span> <span class='ocrx_word' id='word_1_143' title='bbox 1071 2321 1112 2384; x_wconf 87' lang='lat' dir='ltr'>ad</span> 
     </span>
     <span class='ocr_line' id='line_1_22' title="bbox 97 2405 1111 2494; baseline -0.002 -21"><span class='ocrx_word' id='word_1_144' title='bbox 97 2410 255 2476; x_wconf 82' lang='lat' dir='ltr'>edietum,</span> <span class='ocrx_word' id='word_1_145' title='bbox 273 2407 321 2493; x_wconf 90' lang='lat' dir='ltr'>(P.</span> <span class='ocrx_word' id='word_1_146' title='bbox 345 2405 435 2494; x_wconf 80' lang='lat'>355).</span> <span class='ocrx_word' id='word_1_147' title='bbox 470 2445 507 2456; x_wconf 96' lang='lat'><em>-</em></span> <span class='ocrx_word' id='word_1_148' title='bbox 544 2409 606 2484; x_wconf 83' lang='lat' dir='ltr'>Qui</span> <span class='ocrx_word' id='word_1_149' title='bbox 638 2409 700 2473; x_wconf 89' lang='lat' dir='ltr'>iter</span> <span class='ocrx_word' id='word_1_150' title='bbox 731 2413 765 2473; x_wconf 91' lang='lat' dir='ltr'>et</span> <span class='ocrx_word' id='word_1_151' title='bbox 796 2413 903 2474; x_wconf 88' lang='lat' dir='ltr'>aetum</span> <span class='ocrx_word' id='word_1_152' title='bbox 935 2409 1048 2490; x_wconf 89' lang='lat' dir='ltr'>habet,</span> <span class='ocrx_word' id='word_1_153' title='bbox 1084 2409 1111 2472; x_wconf 92' lang='lat' dir='ltr'>si</span> 
     </span>
     <span class='ocr_line' id='line_1_23' title="bbox 97 2494 1111 2583; baseline -0.004 -20"><span class='ocrx_word' id='word_1_154' title='bbox 97 2494 242 2563; x_wconf 71' lang='lat' dir='ltr'>bienniol</span> <span class='ocrx_word' id='word_1_155' title='bbox 264 2501 392 2562; x_wconf 87' lang='lat' dir='ltr'>tantum</span> <span class='ocrx_word' id='word_1_156' title='bbox 416 2498 506 2576; x_wconf 87' lang='lat' dir='ltr'>ierit,</span> <span class='ocrx_word' id='word_1_157' title='bbox 529 2519 595 2561; x_wconf 91' lang='lat' dir='ltr'>non</span> <span class='ocrx_word' id='word_1_158' title='bbox 617 2498 738 2581; x_wconf 89' lang='lat' dir='ltr'>perisse</span> <span class='ocrx_word' id='word_1_159' title='bbox 762 2501 879 2583; x_wconf 82' lang='lat' dir='ltr'>aetum,</span> <span class='ocrx_word' id='word_1_160' title='bbox 902 2498 958 2561; x_wconf 93' lang='lat' dir='ltr'>sed</span> <span class='ocrx_word' id='word_1_161' title='bbox 981 2518 1111 2560; x_wconf 88' lang='lat' dir='ltr'>manera</span> 
     </span>
     <span class='ocr_line' id='line_1_24' title="bbox 101 2584 1111 2671; baseline -0.002 -20"><span class='ocrx_word' id='word_1_162' title='bbox 101 2584 243 2651; x_wconf 80' lang='lat' dir='ltr'>Sabinus</span> <span class='ocrx_word' id='word_1_163' title='bbox 261 2584 394 2651; x_wconf 82' lang='lat' dir='ltr'>Cassius</span> <span class='ocrx_word' id='word_1_164' title='bbox 415 2634 439 2650; x_wconf 90' lang='lat'>..</span> <span class='ocrx_word' id='word_1_165' title='bbox 459 2586 563 2669; x_wconf 80' lang='lat' dir='ltr'>aiunt3</span> <span class='ocrx_word' id='word_1_166' title='bbox 588 2608 664 2651; x_wconf 89' lang='lat' dir='ltr'>uam</span> <span class='ocrx_word' id='word_1_167' title='bbox 683 2587 730 2650; x_wconf 88' lang='lat' dir='ltr'>ire</span> <span class='ocrx_word' id='word_1_168' title='bbox 749 2609 876 2671; x_wconf 93' lang='lat' dir='ltr'>quoque</span> <span class='ocrx_word' id='word_1_169' title='bbox 899 2607 957 2670; x_wconf 90' lang='lat' dir='ltr'>per</span> <span class='ocrx_word' id='word_1_170' title='bbox 981 2606 1014 2650; x_wconf 89' lang='lat' dir='ltr'>se</span> <span class='ocrx_word' id='word_1_171' title='bbox 1039 2606 1111 2649; x_wconf 91' lang='lat' dir='ltr'>eum</span> 
     </span>
     <span class='ocr_line' id='line_1_25' title="bbox 97 2675 576 2760; baseline -0.002 -20"><span class='ocrx_word' id='word_1_172' title='bbox 97 2697 195 2760; x_wconf 90' lang='lat' dir='ltr'>posse</span> <span class='ocrx_word' id='word_1_173' title='bbox 221 2675 277 2758; x_wconf 91' lang='lat' dir='ltr'>qui</span> <span class='ocrx_word' id='word_1_174' title='bbox 300 2678 409 2739; x_wconf 86' lang='lat' dir='ltr'>aetum</span> <span class='ocrx_word' id='word_1_175' title='bbox 431 2675 576 2739; x_wconf 88' lang='lat' dir='ltr'>haberet.</span> 
     </span>
    </p>
   </div>
   <div class='ocr_carea' id='block_1_8' title="bbox 384 2850 830 2934">
    <p class='ocr_par' dir='ltr' id='par_1_9' title="bbox 384 2850 830 2934">
     <span class='ocr_line' id='line_1_26' title="bbox 384 2850 830 2934; baseline 0.002 -18"><span class='ocrx_word' id='word_1_176' title='bbox 384 2850 434 2916; x_wconf 86' lang='lat' dir='ltr'>De</span> <span class='ocrx_word' id='word_1_177' title='bbox 456 2873 539 2934; x_wconf 82' lang='lat' dir='ltr'>aqua</span> <span class='ocrx_word' id='word_1_178' title='bbox 558 2853 667 2934; x_wconf 80' lang='lat' dir='ltr'>pluvia</span> <span class='ocrx_word' id='word_1_179' title='bbox 689 2853 830 2917; x_wconf 79' lang='lat' dir='ltr'>arcenda.</span> 
     </span>
    </p>
   </div>
   <div class='ocr_carea' id='block_1_9' title="bbox 96 2965 1111 3316">
    <p class='ocr_par' dir='ltr' id='par_1_10' title="bbox 96 2965 1111 3316">
     <span class='ocr_line' id='line_1_27' title="bbox 190 2965 1109 3052; baseline 0.001 -21"><span class='ocrx_word' id='word_1_180' title='bbox 190 2966 264 3031; x_wconf 88' lang='lat'>134.</span> <span class='ocrx_word' id='word_1_181' title='bbox 284 2965 322 3029; x_wconf 92' lang='lat' dir='ltr'>D.</span> <span class='ocrx_word' id='word_1_182' title='bbox 332 2967 385 3049; x_wconf 84' lang='grc'>39,</span> <span class='ocrx_word' id='word_1_183' title='bbox 394 2967 424 3049; x_wconf 87' lang='grc'>3,</span> <span class='ocrx_word' id='word_1_184' title='bbox 436 2969 464 3051; x_wconf 94' lang='grc'>1,</span> <span class='ocrx_word' id='word_1_185' title='bbox 474 2968 503 3032; x_wconf 87' lang='grc'>8.</span> <span class='ocrx_word' id='word_1_186' title='bbox 540 2965 699 3050; x_wconf 86' lang='lat' dir='ltr'>Ulpianus</span> <span class='ocrx_word' id='word_1_187' title='bbox 718 2966 802 3031; x_wconf 87' lang='lat' dir='ltr'>libro</span> <span class='ocrx_word' id='word_1_188' title='bbox 818 2968 1109 3052; x_wconf 83' lang='lat' dir='ltr'>quinquagensimo</span> 
     </span>
     <span class='ocr_line' id='line_1_28' title="bbox 96 3052 1110 3142; baseline 0.001 -23"><span class='ocrx_word' id='word_1_189' title='bbox 96 3056 195 3121; x_wconf 88' lang='lat' dir='ltr'>tertio</span> <span class='ocrx_word' id='word_1_190' title='bbox 229 3055 271 3118; x_wconf 90' lang='lat' dir='ltr'>ad</span> <span class='ocrx_word' id='word_1_191' title='bbox 303 3056 442 3120; x_wconf 88' lang='lat' dir='ltr'>edietum</span> <span class='ocrx_word' id='word_1_192' title='bbox 471 3052 521 3142; x_wconf 89' lang='lat' dir='ltr'>(P.</span> <span class='ocrx_word' id='word_1_193' title='bbox 542 3052 651 3140; x_wconf 80' lang='lat'>1285).</span> <span class='ocrx_word' id='word_1_194' title='bbox 681 3091 722 3102; x_wconf 89' lang='lat'>—</span> <span class='ocrx_word' id='word_1_195' title='bbox 751 3103 785 3119; x_wconf 90' lang='lat'>..</span> <span class='ocrx_word' id='word_1_196' title='bbox 815 3054 952 3120; x_wconf 84' lang='lat' dir='ltr'>Sabinus</span> <span class='ocrx_word' id='word_1_197' title='bbox 981 3055 1110 3122; x_wconf 79' lang='lat' dir='ltr'>Cassius</span> 
     </span>
     <span class='ocr_line' id='line_1_29' title="bbox 97 3143 1111 3229; baseline -0.002 -20"><span class='ocrx_word' id='word_1_198' title='bbox 97 3167 180 3229; x_wconf 91' lang='lat' dir='ltr'>opus</span> <span class='ocrx_word' id='word_1_199' title='bbox 205 3166 304 3208; x_wconf 90' lang='lat' dir='ltr'>manu</span> <span class='ocrx_word' id='word_1_200' title='bbox 323 3143 444 3208; x_wconf 82' lang='lat' dir='ltr'>factum</span> <span class='ocrx_word' id='word_1_201' title='bbox 463 3147 497 3207; x_wconf 91' lang='lat' dir='ltr'>in</span> <span class='ocrx_word' id='word_1_202' title='bbox 516 3144 599 3208; x_wconf 85' lang='lat' dir='ltr'>hano</span> <span class='ocrx_word' id='word_1_203' title='bbox 619 3145 778 3208; x_wconf 78' lang='lat' dir='ltr'>actionem</span> <span class='ocrx_word' id='word_1_204' title='bbox 797 3145 904 3209; x_wconf 87' lang='lat' dir='ltr'>venire</span> <span class='ocrx_word' id='word_1_205' title='bbox 924 3146 1024 3226; x_wconf 88' lang='lat' dir='ltr'>aiunt,</span> <span class='ocrx_word' id='word_1_206' title='bbox 1047 3145 1111 3208; x_wconf 89' lang='lat' dir='ltr'>nisi</span> 
     </span>
     <span class='ocr_line' id='line_1_30' title="bbox 98 3231 680 3316; baseline -0.003 -18"><span class='ocrx_word' id='word_1_207' title='bbox 98 3232 224 3316; x_wconf 90' lang='lat' dir='ltr'>siquid</span> <span class='ocrx_word' id='word_1_208' title='bbox 250 3233 321 3316; x_wconf 87' lang='lat' dir='ltr'>agri</span> <span class='ocrx_word' id='word_1_209' title='bbox 345 3231 469 3297; x_wconf 84' lang='lat' dir='ltr'>uolendi</span> <span class='ocrx_word' id='word_1_210' title='bbox 492 3254 591 3297; x_wconf 86' lang='lat' dir='ltr'>eausa</span> <span class='ocrx_word' id='word_1_211' title='bbox 613 3232 680 3296; x_wconf 90' lang='lat' dir='ltr'>fiat.</span> 
     </span>
    </p>
   </div>
   <div class='ocr_carea' id='block_1_10' title="bbox 190 3327 1110 3415">
    <p class='ocr_par' dir='ltr' id='par_1_11' title="bbox 190 3327 1110 3415">
     <span class='ocr_line' id='line_1_31' title="bbox 190 3327 1110 3415; baseline -0.004 -20"><span class='ocrx_word' id='word_1_212' title='bbox 190 3330 263 3395; x_wconf 87' lang='lat'>135.</span> <span class='ocrx_word' id='word_1_213' title='bbox 295 3327 335 3393; x_wconf 89' lang='lat' dir='ltr'>D.</span> <span class='ocrx_word' id='word_1_214' title='bbox 351 3330 402 3411; x_wconf 84' lang='lat'>39,</span> <span class='ocrx_word' id='word_1_215' title='bbox 417 3331 449 3414; x_wconf 86' lang='lat'>3,</span> <span class='ocrx_word' id='word_1_216' title='bbox 460 3331 491 3410; x_wconf 79' lang='lat'>2,</span> <span class='ocrx_word' id='word_1_217' title='bbox 506 3330 534 3395; x_wconf 86' lang='lat'>3.</span> <span class='ocrx_word' id='word_1_218' title='bbox 580 3329 701 3394; x_wconf 86' lang='lat' dir='ltr'>Paulus</span> <span class='ocrx_word' id='word_1_219' title='bbox 729 3329 813 3395; x_wconf 88' lang='lat' dir='ltr'>libro</span> <span class='ocrx_word' id='word_1_220' title='bbox 840 3328 1110 3415; x_wconf 84' lang='lat' dir='ltr'>quadragensimo</span> 
     </span>
    </p>
   </div>
   <div class='ocr_carea' id='block_1_11' title="bbox 97 3415 1111 3505">
    <p class='ocr_par' dir='ltr' id='par_1_12' title="bbox 97 3415 1111 3505">
     <span class='ocr_line' id='line_1_32' title="bbox 97 3415 1111 3505; baseline -0.008 -20"><span class='ocrx_word' id='word_1_221' title='bbox 97 3441 184 3485; x_wconf 91' lang='lat' dir='ltr'>nono</span> <span class='ocrx_word' id='word_1_222' title='bbox 213 3419 255 3483; x_wconf 89' lang='lat' dir='ltr'>ad</span> <span class='ocrx_word' id='word_1_223' title='bbox 283 3418 423 3483; x_wconf 86' lang='lat' dir='ltr'>edietum</span> <span class='ocrx_word' id='word_1_224' title='bbox 452 3416 501 3502; x_wconf 88' lang='lat' dir='ltr'>(P.</span> <span class='ocrx_word' id='word_1_225' title='bbox 521 3415 610 3505; x_wconf 82' lang='lat'>632).</span> <span class='ocrx_word' id='word_1_226' title='bbox 640 3453 681 3464; x_wconf 89' lang='lat'>—</span> <span class='ocrx_word' id='word_1_227' title='bbox 708 3416 840 3482; x_wconf 81' lang='lat' dir='ltr'>Cassius</span> <span class='ocrx_word' id='word_1_228' title='bbox 870 3466 900 3482; x_wconf 89' lang='lat'>..</span> <span class='ocrx_word' id='word_1_229' title='bbox 929 3416 1054 3498; x_wconf 78' lang='lat' dir='ltr'>scribit,</span> <span class='ocrx_word' id='word_1_230' title='bbox 1083 3416 1111 3478; x_wconf 91' lang='lat' dir='ltr'>si</span> 
     </span>
    </p>
   </div>
   <div class='ocr_carea' id='block_1_12' title="bbox 188 3575 549 3644">
    <p class='ocr_par' dir='ltr' id='par_1_13' title="bbox 188 3575 549 3644">
     <span class='ocr_line' id='line_1_33' title="bbox 188 3575 549 3644; baseline 0.006 -16"><span class='ocrx_word' id='word_1_231' title='bbox 188 3582 201 3628; x_wconf 94' lang='lat'>1</span> <span class='ocrx_word' id='word_1_232' title='bbox 224 3575 271 3629; x_wconf 85' lang='lat' dir='ltr'>Fl.</span> <span class='ocrx_word' id='word_1_233' title='bbox 291 3576 398 3630; x_wconf 86' lang='lat' dir='ltr'>statuto</span> <span class='ocrx_word' id='word_1_234' title='bbox 416 3578 549 3644; x_wconf 86' lang='lat' dir='ltr'>tempore.</span> 
     </span>
    </p>
   </div>
   <div class='ocr_carea' id='block_1_13' title="bbox 0 0 1216 3976">
    <p class='ocr_par' dir='ltr' id='par_1_14' title="bbox 0 0 1216 3976">
     <span class='ocr_line' id='line_1_34' title="bbox 0 0 1216 3976; baseline 0 1"><span class='ocrx_word' id='word_1_235' title='bbox 0 0 1216 3976; x_wconf 95' lang='lat' dir='ltr'> </span> 
     </span>
    </p>
   </div>
  </div>
 </body>
</html>
