2422 3976
93 179 159 243 584
462 173 739 228 ADDITAMENTA.

185 339 237 405 55.
270 338 341 403 Gai.
369 338 399 421 2,
429 339 479 402 77.
503 373 545 384 -
658 337 830 420 probatum
864 338 923 419 est,
957 335 1042 419 quod
1074 336 1108 399 in

97 429 255 494 chartulis
301 428 366 491 sive
412 426 608 491 membranis
655 426 736 490 meis
782 424 900 509 aliquis
944 425 1109 508 scripserit

95 518 174 582 licet
194 516 300 580 aureis
323 516 449 592 litteris,
474 537 580 579 meum
605 535 683 598 esse,
706 513 782 598 quia
804 514 933 578 litterae
952 513 1109 578 chartulis

96 607 164 671 sive
188 605 385 668 membranis
409 603 534 668 cedunt.

186 702 254 766 56³.
279 701 317 765 D.
336 702 390 785 41,
415 705 443 784 1,
466 701 496 786 9,
520 702 550 766 2.
594 700 693 765 Gaius
716 701 800 764 libro
825 699 964 764 secundo
989 698 1110 764 Rerum

96 790 359 857 Cottidianarum
389 791 455 853 sive
479 790 669 854 Aureorum.
699 825 737 835 -
768 839 797 854 ..
819 810 885 853 non
908 788 957 852 uti
980 788 1111 852 litterae

97 879 221 944 chartis
248 879 484 943 membranisve
512 877 644 961 cedunt,
676 877 723 942 ita
751 878 855 941 solent
885 877 1034 961 picturae
1065 881 1112 940 ta·

99 968 185 1033 bulis
214 967 337 1051 cedere,
367 967 422 1031 sed
446 989 484 1030 ex
508 966 633 1031 diverso
661 967 784 1050 placuit
806 966 937 1031 tabulas
964 966 1111 1050 picturae

96 1057 215 1122 cedere.

187 1149 254 1218 561).
285 1152 356 1217 Gai.
379 1154 410 1237 2,
433 1154 483 1219 78.
516 1189 558 1200 -
591 1153 735 1216 ..siin
761 1153 874 1217 tabula
896 1173 970 1216 mea
994 1152 1113 1235 aliquis

97 1243 238 1326 pinxerit
256 1242 356 1306 veluti
374 1241 560 1326 imaginem,
583 1291 611 1305 ..
628 1291 635 1304 .
653 1241 758 1326 magis
778 1289 807 1305 ..
827 1239 946 1306 dicitur
964 1241 1110 1305 tabulam

98 1332 244 1416 picturae
268 1331 388 1396 cedere.

187 1426 235 1483 Ad
260 1418 392 1484 ‘dicitur'
415 1424 452 1484 cf.
476 1442 552 1501 quae
574 1424 654 1483 infra
676 1423 703 1480 V
722 1423 847 1483 collecta
870 1425 949 1483 sunt.

469 1595 519 1661 Dc
541 1595 735 1679 usucapione.

188 1721 240 1784 57.
277 1717 347 1784 Gai.
375 1721 409 1798 3,
437 1720 512 1784 201.
539 1755 582 1765 —
702 1719 863 1784 interdum
902 1718 1027 1784 alienas
1060 1740 1112 1783 res

100 1828 257 1893 occupare
276 1812 309 1872 et
326 1830 501 1892 usucapere
520 1828 708 1873 concessum
728 1810 786 1890 est,
808 1829 867 1872 nec
887 1808 1030 1872 creditur
1046 1808 1111 1872 fur·

99 1902 171 1962 tum
197 1898 281 1980 fiori,
311 1898 411 1962 voluti
439 1919 491 1962 res
519 1896 732 1961 hereditarias
760 1918 896 1980 quarum
924 1902 1018 1961 heres
1047 1919 1110 1961 non

101 1991 151 2051 ost
174 1990 287 2052 nactus
310 1987 558 2069 possessionem,
580 1985 645 2048 nisi
669 1985 868 2049 necessarius
892 1985 987 2049 heres
1012 1989 1111 2069 extet-3

100 2097 178 2139 nam
196 2075 376 2141 necessario
396 2074 511 2139 herede
526 2076 654 2137 extante
673 2073 794 2157 placuit
811 2073 896 2137 nihil
914 2095 974 2157 pro
996 2075 1111 2138 herede

99 2165 233 2247 usucapi
256 2186 360 2247 posse.

397 2307 425 2369 2.
456 2304 509 2369 De
532 2306 613 2368 iure
638 2304 855 2368 honorario.

445 2429 494 2494 De
516 2429 642 2510 nepotits
661 2430 762 2510 pestis.

189 2547 240 2610 58.
264 2545 303 2610 D.
332 2547 384 2629 44,
415 2547 442 2627 7,
466 2545 542 2627 hpr.
571 2543 659 2606 Idem
684 2543 741 2627 (sc.
765 2542 879 2626 Gaius)
905 2544 993 2607 libro
1017 2544 1109 2607 tertio

100 2634 289 2698 Aureorum.
325 2670 364 2680 —
399 2633 432 2697 Si
466 2634 537 2716 quis
566 2633 709 2695 absentis
733 2633 863 2715 negotia
889 2634 1109 2716 gesserit,

101 2725 128 2786 si
152 2773 185 2787 ..
211 2725 278 2787 sine
307 2723 473 2802 mandatu,
505 2721 626 2804 placuit
650 2773 656 2785 .
676 2770 709 2784 ..
734 2743 787 2784 eos
810 2720 950 2784 invicem
975 2722 1107 2804 obligari

101 2833 202 2895 eoque
225 2812 354 2875 nomine
378 2811 525 2893 proditae
545 2815 621 2873 sunt
641 2809 794 2887 actiones,
813 2830 893 2892 quas
913 2811 1108 2892 appellamus

99 2901 305 2984 negotiorum
330 2905 503 2984 gestorum.

330 3059 380 3123 Dc
402 3061 437 3123 ia
459 3060 610 3140 inteprcm
631 3056 879 3121 restitutionibus.

190 3173 242 3237 59.
266 3173 302 3238 D.
328 3175 358 3256 3,
382 3174 412 3256 3,
435 3175 488 3257 46,
512 3175 540 3238 3.
565 3171 665 3236 Gaius
689 3172 772 3235 libro
796 3173 894 3235 tertio
915 3172 955 3236 ad
976 3172 1107 3236 edictum

100 3261 305 3343 provinciale.
345 3299 389 3307 -
429 3312 463 3326 ..
494 3263 669 3346 quaeritur,
706 3262 733 3324 si
766 3260 923 3324 iudicium
953 3260 1109 3343 acceperit

101 3350 252 3414 defensor
267 3354 299 3413 et
314 3355 405 3415 actor
420 3353 453 3414 in
464 3352 625 3434 integrum
640 3349 809 3413 restitutus
825 3350 877 3433 sit,
893 3372 935 3412 an
951 3348 1107 3434 cogendus

101 3439 147 3500 sit
177 3438 412 3503 restitutorium
440 3439 592 3503 iudicium
622 3440 772 3522 accipere.
819 3443 852 3501 et
879 3439 986 3522 magis
1010 3439 1110 3522 placet

101 3527 289 3610 cogendum.
