2422 3976
489 175 513 224 ι.
532 167 720 224 reooouos
850 140 854 147 ’
1046 170 1109 235 113

91 357 111 396 a
133 336 266 397 Proculo
290 335 387 396 editos
410 354 474 396 esse
497 336 567 414 licet
587 335 727 396 conicere.
769 341 848 397 certe
868 337 904 397 de
922 337 1030 415 legetis
1048 357 1108 398 non

92 425 182 485 modo
210 425 289 484 libro
312 423 356 503 Π,
385 425 438 484 sed
464 424 556 484 etiam
579 424 608 482 V
636 427 667 484 et
690 424 746 503 VI,
772 425 810 484 de
838 426 907 486 dote
933 445 993 486 non
1020 428 1107 487 modo

91 513 170 574 libro
198 512 241 590 V,
274 512 327 573 sed
360 514 451 573 etiam
482 512 556 589 VII,
583 512 672 593 VIII,
699 514 755 592 IX,
787 514 823 573 de
859 515 1005 574 bonorum
1041 534 1107 592 pos·

91 602 226 665 sessione
253 620 314 661 nou
337 602 425 661 modo
447 602 524 662 libro
548 601 593 681 Π,
622 602 674 661 sed
697 603 788 663 etiam
810 602 857 662 III
880 607 911 663 et
932 604 976 663 XI
998 604 1106 681 agitur.

91 692 196 768 itaque
219 690 407 767 singulorum
429 690 574 750 librorum
597 691 766 769 fragmenta
789 693 951 751 seeundum
974 693 1107 753 ordinem

91 779 293 840 Sabinianum
314 780 458 839 oollooare
481 779 620 839 idoneum
642 779 768 840 videtur.

181 868 228 928 De
255 867 292 927 iis
319 867 562 944 videndumst,
589 887 664 944 quae
687 869 814 946 siugulis
837 869 1015 946 fragmentis
1039 887 1108 929 oon·

91 957 196 1016 innota
214 959 431 1033 proponuntur.
467 959 556 1032 atque
570 957 697 1016 Proculo
717 977 930 1034 nonnunquam
949 958 1108 1017 abeodem

93 1046 268 1105 consultore
286 1045 388 1122 plures
406 1045 593 1121 quaestiones
611 1045 726 1105 adrem
740 1051 808 1122 pert
795 1047 925 1106 tinentes
939 1047 1108 1122 propositas

93 1152 157 1194 esse
185 1134 332 1210 illumque
359 1133 398 1192 ad
426 1134 561 1210 singulas
587 1135 775 1209 respondisse
798 1135 836 1194 D.
850 1137 880 1212 4,
897 1138 924 1212 1,
940 1138 981 1195 56
1009 1135 1107 1194 docet:

93 1217 272 1299 <munero
295 1223 440 1281 Proculus
463 1222 677 1299 responditi
665 1226 739 1282 rtem
763 1242 922 1299 quaero,
933 1222 1106 1283 ,Proculus

93 1305 269 1389 respondit?
323 1329 427 1370 rursus
464 1311 638 1370 Triboniani
674 1311 841 1372 adiutorem
876 1313 1008 1388 genuina
1038 1330 1107 1371 oon·

93 1399 267 1460 sultationis
291 1402 323 1458 et
344 1399 478 1475 responsi
496 1399 593 1459 forma
610 1401 728 1459 mutata
745 1419 958 1477 nonnunquam
975 1401 1107 1460 diversas
1171 1474 1175 1481 ἢ

93 1508 139 1549 res
165 1489 198 1548 in
220 1507 315 1547 uuum
337 1488 422 1548 velut
444 1506 551 1564 eorpus
574 1489 741 1550 confudisse
765 1489 872 1549 dooent
893 1489 929 1549 D.
945 1491 996 1564 31,
1011 1491 1052 1549 48
1078 1493 1108 1549 91

95 1577 130 1638 D.
144 1579 197 1653 45,
215 1579 244 1654 1,
259 1578 332 1637 113.
377 1576 525 1636 eiusmodi
552 1577 789 1653 fragmentorum
815 1580 917 1655 partes
940 1575 1106 1655 discerpere

95 1666 316 1743 separatimque
338 1684 504 1741 proponere
527 1684 587 1725 non
609 1665 752 1725 dubitavi.

182 1754 288 1831 Aeque
328 1772 363 1813 ao
398 1755 542 1815 Proculus
579 1753 737 1814 Iavolenus
773 1755 978 1832 Epistularum
1013 1756 1106 1816 libros

95 1843 268 1919 composuit.
319 1862 408 1917 quern
435 1843 487 1919 qui
513 1844 721 1920 consulebant,
748 1863 960 1920 nonnunquam
988 1845 1107 1904 Proculi

96 1932 257 1992 sententias
289 1931 455 1991 laudabant
482 1925 529 2011 (D
547 1932 647 2006 aas,
664 1934 713 1992 11.
739 1925 950 2014 50,16,116)
979 1933 1106 1992 fortasse

96 2019 125 2079 in
145 2021 358 2096 Epistularum
380 2020 465 2079 libris
488 2021 589 2111 prolat
591 2039 631 2080 as.

523 2251 633 2311 Liber
654 2251 678 2312 L

453 2369 503 2434 De
525 2390 624 2452 aquae
645 2371 745 2435 dueta

187 2498 214 2560 1.
237 2493 277 2559 D
289 2495 319 2579 8
329 2495 359 2578 6
371 2495 421 2559 16
462 2492 617 2558 Proculus
641 2493 723 2558 libro
747 2494 854 2595 primo
875 2493 971 2594 Epist
957 2494 1107 2558 t.ularum

102 2581 298 2686 -Aquam,
320 2604 402 2665 quae
426 2564 550 2646 oriebat
536 2585 590 2645 tur
612 2581 646 2645 in
669 2582 769 2646 fundo
793 2582 900 2666 vieini,
923 2583 1030 2665 plures
1052 2605 1108 2665 per

98 2672 277 2737 eundem
249 2693 355 2736 nuum
374 2672 442 2735 iure
458 2670 572 2734 ducere
587 2671 674 2734 solit't1
689 2671 886 2752 sunt,it1ttau
901 2693 958 2734 suo
973 2671 1106 2755 quisque

99 2759 148 2825 die
171 2783 190 2824 a
209 2761 314 2843 eapite
335 2759 472 2842 duceret,
495 2759 600 2860 primo
619 2781 676 2843 per
695 2721 876 2823 eunllem
850 2782 955 2824 rivum
974 2781 1106 2862 eumque

97 2870 308 2927 communem,
328 2847 493 2912 deindet
457 2851 493 2911 ut
507 2848 640 2931 quisque
655 2847 788 2911 inferior
802 2853 871 2912 erat
871 2899 879 2929 ,
899 2869 956 2912 suo
972 2850 1107 2933 quisque

97 2938 227 3021 proprio
251 2937 337 3019 rivo,
361 2939 393 3000 et
416 2957 499 2999 unus
522 2933 661 3000 519199191
684 2957 749 2999 nou
773 2936 872 3000 duxit.

183 3026 339 3091 Existimo
362 3045 431 3089 eum
453 3026 503 3089 e'us
525 3026 678 3089 ducendae
699 3045 798 3106 oquae
820 3026 960 3090 amisisse
981 3047 1035 3091 rteo
1052 3047 1107 3108 per

95 3119 205 3179 ceteros
227 3115 282 3196 qul
304 3114 545 3179 decretamque
567 3115 617 3178 ius
639 3118 823 3196 usurpatum
845 3134 922 3191 esse;
940 3117 1107 3197 proprium

96 3204 179 3268 mim
201 3204 346 3284 miraque
368 3222 473 3267 eoram
495 3203 546 3266 los
565 3202 630 3282 fort
651 3222 747 3282 nepote
763 3223 821 3283 per
841 3203 941 3267 altum
958 3203 1107 3284 usurpari

88 3293 201 3374 potuit.
242 3293 324 3375 quod
344 3291 373 3356 si
391 3291 533 3374 plurium
553 3291 651 3371 fundo
674 3292 731 3354 tter
753 3312 851 3373 oquae
872 3292 1004 3355 debitum
1026 3293 1106 3365 esset,

92 3401 148 3462 per
170 3401 270 3445 unum
292 3400 397 3445 eorum
420 3379 560 3444 emortus
581 3378 639 3457 oo,
662 3380 742 3443 inter
759 3401 834 3462 quos
851 3380 1012 3460 tusaredus
1030 3397 1106 3440 oom-

170 3542 185 3589 1
205 3536 281 3592 Trio.
296 3537 403 3592 statuto
421 3536 561 3605 tempore,
581 3551 635 3604 quo
654 3535 772 3589 servitus
792 3535 939 3588 amittitur.

148 3633 491 3685 Inmemoremque
505 3635 605 3676 Bremer.
627 3635 659 3686 11,
669 3637 687 3675 2.
881 3626 899 3677 8
