2422 3976
493 154 518 205 7.
537 147 723 205 PROUULUS
1050 150 1114 215 145

95 310 260 376 exhausta
282 309 327 375 ait
350 332 423 376 maa
443 311 581 396 integra,
603 316 636 376 et
658 311 751 377 illam
774 312 980 378 vindicavero
1004 310 1062 400 (so
1078 317 1114 378 ut

96 397 282 486 caducam),
304 397 435 464 Cassius
459 399 701 466 confundendas
720 423 790 466 osae
807 405 918 485 partes
938 402 1112 488 existimat,

96 489 256 554 Proculus
279 491 404 554 eontra.

188 574 241 642 25.
271 574 311 640 D.
326 575 488 660 35,2,45,
504 578 532 642 1.
573 576 690 642 Paulus
714 577 797 642 libro
822 578 1046 664 sexagensimo
1070 580 1108 644 ad

97 666 242 731 edietum
271 662 321 750 (P.
341 662 429 751 724).
457 703 499 712 -
526 664 566 729 Iu
593 665 645 730 his
673 666 805 751 legatis,
839 688 920 750 quae
949 669 1009 732 sub
1038 690 1113 733 oon-

97 754 226 820 dioione
248 753 363 819 reliota
385 758 472 838 sunt,
500 754 656 819 Proculus
678 756 828 838 putabat,
851 776 922 819 oum
947 757 1114 839 quaeritur

97 842 139 909 da
163 843 235 928 lage
258 841 414 927 Falcidia,
436 846 563 908 tantum
587 864 656 908 esse
675 844 709 907 in
727 845 845 929 legato,
869 844 983 926 quanti
1001 845 1112 910 venire

95 934 249 1017 possunt3
278 930 365 1016 quod
392 930 420 996 si
448 934 511 1015 est,
539 935 572 996 et
593 931 740 996 deductio
764 932 811 996 sio
834 935 942 1016 potest
964 932 1048 1014 fieri,
1077 937 1114 998 ut

96 1023 228 1086 tautum
256 1019 405 1085 videatur
433 1019 554 1100 deberi,
582 1020 695 1106 quanti
721 1041 839 1085 nomen
863 1019 971 1086 venire
994 1023 1111 1104 potest

437 1184 484 1244 De
505 1185 659 1259 usufructu
681 1186 780 1260 leuato.

192 1285 245 1352 26.
268 1283 307 1350 D.
322 1284 495 1370 7,8‚10,2.
539 1284 699 1370 Ulpianus
722 1287 806 1351 libro
831 1286 1114 1371 septimodecimo

97 1375 139 1442 ad
171 1372 330 1440 Sabinum
357 1370 405 1461 (P.
425 1370 537 1462 2576).
565 1411 607 1422 —
636 1422 671 1440 ..
698 1376 726 1440 ai
755 1375 801 1441 sio
827 1376 958 1440 relictus
988 1375 1030 1439 sit
1057 1372 1114 1459 (so.

97 1487 178 1530 usus
210 1459 349 1549 fruetus)
391 1460 451 1527 ‘illi
485 1462 597 1528 domus
629 1485 722 1529 usum
753 1461 910 1528 fructum1
943 1461 1113 1528 habitandi

98 1551 220 1636 oausa',
252 1555 362 1616 utrum
384 1549 625 1617 habitationem
653 1553 756 1617 solam
788 1575 829 1617 an
856 1574 932 1617 vero
961 1556 994 1616 et
1020 1573 1114 1617 usum

99 1645 244 1708 fruotum
266 1640 394 1723 habeat,
423 1640 604 1706 videndum.
650 1645 682 1705 et
703 1637 878 1706 Proculus²
904 1644 937 1705 et
959 1638 1112 1706 Neratius

98 1733 219 1818 putant
244 1729 348 1794 solam
372 1728 608 1794 habitationem
631 1729 783 1814 legatam.

190 1819 245 1883 27.
276 1816 316 1882 D.
337 1818 365 1900 7,
386 1817 533 1902 1,19pr.
582 1817 780 1903 Pomponius
811 1818 895 1883 libro
928 1818 1042 1903 quinto
1074 1818 1114 1883 ad

101 1904 258 1974 Sabinum
288 1900 337 1991 (P.
356 1904 446 1988 469).
474 1943 516 1954 —
544 1905 699 1972 Proculus
736 1910 830 1991 putat
866 1907 988 1972 insulae
1022 1927 1115 1972 usum

99 1990 256 2078 fuuutum³
285 2014 380 2078 posse
406 1994 455 2059 ita
481 1995 596 2080 legari,
627 1998 665 2059 ut
691 1996 720 2059 ei
749 1995 886 2061 servitus
914 1995 1113 2078 imponatur,

97 2105 182 2203 puae
212 2078 308 2148 alteri
336 2083 461 2147 insulae
486 2082 699 2149 hereditariae
723 2084 890 2167 debeatur,
918 2083 979 2148 hoo
1003 2084 1115 2149 modo:

113 2174 141 2238 si
167 2172 226 2237 ille
253 2168 365 2236 heredi
392 2192 464 2237 meo
492 2172 678 2256 promiserit
704 2195 762 2257 per
789 2194 824 2237 se
851 2172 1022 2255 nonime,
1051 2194 1114 2256 quo

103 2262 200 2327 altius
220 2282 259 2325 ea
279 2259 425 2326 aedificia
443 2260 610 2346 tollantur,
628 2265 698 2325 turn
717 2261 746 2325 ei
765 2283 875 2326 eorum
893 2261 1111 2326 aedificiorum

102 2372 195 2416 usum
231 2347 372 2413 fructum
409 2348 450 2413 do
486 2349 573 2432 lego'
608 2350 660 2414 vel
698 2350 756 2415 sio:
793 2349 933 2414 ‘aedium
970 2349 1111 2433 illarum,

102 2439 207 2524 quoad
240 2437 352 2521 altius,
384 2459 480 2521 quam
513 2438 560 2501 uti
592 2460 677 2502 nuno
708 2445 797 2522 sunt,
829 2437 1016 2502 aedificatae
1043 2459 1108 2500 non

104 2531 210 2607 erunt,
234 2527 284 2590 illi
307 2548 401 2590 usum
424 2526 564 2591 fructum
589 2527 629 2590 do
654 2524 750 2610 lego!

191 2617 243 2682 28.
272 2613 312 2679 D.
328 2615 356 2693 7,
370 2614 401 2696 5,
415 2617 444 2681 3.
488 2613 647 2699 Ulpianus
675 2615 759 2680 libro
787 2618 899 2680 octavo
923 2613 1046 2678 deeimo
1070 2614 1111 2678 ad

96 2702 259 2770 'Sabinum
269 2699 451 2790 (P.2590¹>).
461 2740 503 2749 -
514 2702 592 2769 Post
606 2703 691 2787 quod
706 2698 899 2790 (sasenatus
913 2700 1114 2790 consultum)

101 2792 247 2859 omnium
279 2813 386 2856 rerum
418 2813 495 2856 usus
527 2790 650 2856 fruetus
682 2793 785 2875 legari
817 2793 947 2875 poterit.
1002 2813 1044 2855 an
1078 2802 1111 2856 et

99 2880 293 2947 nominum?
330 2878 438 2945 Nerva
455 2882 598 2965 negavit3
617 2880 671 2944 sed
753 2877 883 2944 Cassius
903 2887 935 2944 et
952 2878 1108 2946 Proculus

100 2971 307 3050 existimant,
330 2990 425 3051 posse
448 2968 561 3054 legari.

192 3058 245 3124 29.
277 3056 317 3122 D.
335 3057 408 3141 7,9‚
424 3059 499 3143 lpr.
549 3056 708 3141 Ulpianus
735 3058 819 3123 libro
849 3058 1113 3143 septuagensimo

100 3168 189 3214 nono
214 3147 255 3229 ad
279 3145 419 3210 edietum
439 3143 489 3231 (P.
502 3145 610 3232 1724).
630 3184 670 3192 —
691 3145 725 3210 Si
745 3168 823 3211 usus
843 3144 965 3211 fruetus
984 3147 1115 3210 nomine

99 3258 136 3302 ra
164 3234 287 3300 tradita
315 3235 508 3299 satisdatum
534 3257 602 3300 non
629 3236 740 3318 fuerit,
766 3234 921 3300 Proculus
950 3235 996 3298 ait
1020 3254 1116 3316 posse

176 3381 191 3430 1
212 3368 261 3429 Fi.
281 3373 480 3429 ususfructus.

175 3451 192 3500 2
212 3446 251 3500 sio
271 3446 428 3514 Stephanus
447 3447 483 3500 ad
501 3443 565 3498 Bas.
582 3450 624 3510 16,
639 3449 663 3514 8,
680 3450 721 3513 10,
744 3444 876 3498 ‘Priscus’
897 3441 964 3496 libri
982 3439 1079 3494 nostri.

176 3521 192 3569 3
213 3516 260 3571 Fa.
279 3514 408 3570 insulam.
445 3518 591 3572 secuudum
612 3515 729 3572 Granum
747 3517 923 3571 emendatum.

127 3630 132 3637 ·
157 3613 257 3664 Iuriapr.
270 3615 392 3656 antehadr.
406 3615 456 3656 roll.
471 3615 505 3655 ed.
519 3615 619 3655 Bremar.
639 3614 673 3666 11,
682 3617 700 3654 2.
924 3606 957 3654 10
