2422 3976
377 203 402 252 6.
425 195 634 252 IAVOLLNUS
652 195 800 253 Pslscns
1025 197 1091 262 417

79 379 226 425 rasorum
248 358 363 425 hahnit.
410 358 561 425 Proenhrs
583 381 652 426 aero
674 365 750 425 reete
771 362 825 440 ait,
843 362 873 426 si
894 381 1004 426 aeneae
1025 362 1092 444 qni·

79 449 148 514 dem
169 449 247 527 sint,
269 468 332 514 non
354 452 457 514 antem
480 447 671 533 Corinthiae,
692 470 756 514 non
779 450 886 515 deberi.

199 638 248 698 De
269 641 373 700 statuis
394 641 565 700 marrnoreis
588 645 614 700 et
635 643 670 701 ete
691 659 836 701 marmore
858 643 969 716 ieratis.

168 749 222 816 58.
249 747 289 815 Ι).
307 751 360 833 32,
382 749 456 822 100,
478 753 504 815 1.
554 749 725 816 Iavolenus
758 751 842 816 libro
876 752 1015 816 secundo
1049 775 1088 816 ex

79 838 315 925 posterioribus
346 837 515 904 Labeonis.
547 873 589 886 -—
622 838 714 904 Dnae
750 845 870 906 statnae
899 861 1092 905 marmoreae

79 928 206 992 saidam
236 928 433 1010 nominatim,
464 928 537 992 item
569 948 656 993 omne
687 950 825 994 marmor
851 934 919 994 erat
944 930 1090 1012 ieaatam:

79 1016 203 1082 naham
242 1021 378 1081 statuam
414 1036 621 1081 marmoream
652 1023 775 1099 praeter
810 1019 888 1083 daos
924 1017 1091 1083 Cascellius

79 1109 169 1187 pedat
193 1105 308 1188 deberi,
337 1103 450 1188 Ofilius
479 1105 638 1170 Trebatius
664 1112 779 1171 eontra.
825 1106 926 1172 Labeo
950 1105 1092 1172 Cascellii

79 1194 263 1260 mmmm
282 1194 407 1277 prohat,
434 1195 515 1275 qnod
535 1215 640 1258 omnm
655 1200 747 1278 pato,
774 1196 849 1277 qnia
871 1196 950 1260 diras
971 1200 1092 1261 statnas

81 1277 208 1366 lmondo
219 1286 320 1366 potest
341 1283 439 1347 oneri
460 1303 523 1347 non
539 1288 668 1366 potasse
690 1285 725 1347 in
747 1304 900 1349 marmore
921 1304 953 1348 se
972 1288 1092 1350 statuas

83 1366 188 1455 mare.
405 1464 453 1524 m
474 1467 640 1526 mmmm
664 1467 773 1540 nnana.

168 1574 221 1641 59.
259 1572 298 1639 D.
316 1573 392 1638 ibid.
411 1576 431 1655 ξ
450 1575 479 1638 4.
508 1611 550 1622 -
580 1575 640 1642 Coi
671 1577 837 1641 testudinea
865 1576 964 1658 leyata
985 1581 1091 1660 essent,

90 1663 113 1727 ei
141 1664 230 1730 halas
261 1664 441 1729 teshrdineos
466 1665 596 1746 pedibas
626 1665 830 1746 inornantatis
860 1665 960 1730 deberi
989 1666 1091 1730 Labeo

94 1749 248 1818 Lehatins
268 1753 499 1837 responderant,
522 1754 603 1835 qnod
622 1775 727 1818 aeram
750 1759 799 1818 est.

426 1934 474 1994 De
490 1937 619 2008 aemam
641 1936 743 2009 teaata.

171 2045 223 2111 60.
246 2041 287 2110 Ι).
302 2044 354 2127 32,
364 2045 416 2128 30,
425 2044 455 2109 5.
487 2043 595 2110 Labeo
614 2045 698 2109 libro
717 2045 857 2110 secundo
876 2045 1090 2129 posteriorum

87 2130 282 2199 alavoleno
311 2133 568 2215 epitomatorum.
592 2171 635 2179 —
658 2132 773 2202 ‘Uxori
798 2154 894 2216 meae,
920 2134 994 2198 dnrm
1021 2154 1091 2198 enm

82 2221 146 2304 filio
168 2242 234 2287 meo
259 2219 385 2304 Caprm
406 2223 472 2305 erit,
495 2221 579 2286 heres
595 2243 680 2289 meas
697 2224 826 2288 amam
844 2221 944 2299 aloto’;
966 2222 1052 2305 filias
1070 2245 1092 2288 a

81 2315 179 2376 matre
204 2312 358 2393 miaraoit.
407 2311 436 2375 si
461 2311 550 2375 ambo
578 2310 703 2394 Capuae
729 2311 929 2389 habitassent,
959 2311 1091 2394 leyatnm

81 2400 177 2465 mani
202 2399 304 2465 debita
331 2400 519 2481 minatensi,
546 2401 686 2480 anamais
712 2421 779 2464 nona
801 2421 864 2463 non
886 2399 1089 2477 habitassent;

79 2491 131 2555 sin
156 2493 262 2554 antem
284 2488 319 2551 in
346 2488 436 2554 alind
461 2490 665 2571 munientium
693 2490 864 2567 transisset,
891 2488 985 2553 nnins
1012 2489 1091 2552 anni

79 2578 291 2643 mmmmm
317 2577 418 2641 dehita
444 2578 501 2660 iri,
528 2598 586 2658 aaa
613 2599 679 2642 nna
700 2577 887 2641 habitassent
907 2576 1092 2658 quantolibet

79 2672 225 2750 tanmem,
261 2664 363 2749 <qnod
392 2665 442 2751 et>
466 2666 627 2731 Trebatius
657 2669 710 2730 ait.
765 2666 935 2749 rideamus,
968 2686 1010 2729 an
1042 2666 1091 2731 his

79 2755 179 2823 rabis
201 2751 288 2820 ‘dnm
309 2774 379 2819 eam
400 2756 466 2837 hlio
489 2753 614 2838 Capuae
636 2753 704 2818 orit'
724 2753 822 2837 [non]
841 2755 976 2818 martirio
994 2755 1090 2838 siani-

79 2846 188 2919 haetnr
218 2842 290 2927 [sed
314 2863 351 2908 ea
376 2844 531 2926 sariptnra
551 2865 612 2926 pro
639 2863 823 2925 sirperoaamo
845 2842 927 2907 dehet
947 2842 1072 2927 haberi]
1079 2864 1090 2906 :

79 2933 162 3018 qaod
182 2952 246 2997 non
262 2932 369 3014 probo.
409 2934 460 2997 sin
482 2936 585 2996 antem
597 2953 656 3014 per
674 2932 832 2995 mntierem
850 2951 939 2996 mora
956 2953 1019 2996 non
1036 2936 1088 3016 est,

79 3043 138 3107 qao
159 3021 267 3086 minas
289 3040 359 3085 enm
380 3021 447 3103 folio
468 3019 593 3103 habitet,
616 3020 715 3102 leqata
737 3020 765 3084 ei
787 3020 894 3084 deberi.

169 3108 222 3174 61.
245 3106 284 3174 D.
299 3109 353 3195 33,
368 3108 396 3193 1,
413 3111 462 3173 17.
498 3108 606 3174 Labeo
621 3109 703 3172 libro
719 3108 858 3172 secundo
873 3107 1088 3190 posteriorum

79 3198 276 3267 slavoleno
300 3197 559 3282 epitomaiorum.
583 3234 625 3244 —
649 3197 799 3281 Leqatnm
821 3198 867 3260 ita
889 3201 948 3260 est:
972 3195 1090 3259 ‘antae

79 3290 171 3357 hnoo
192 3287 298 3365 nnbat,
320 3287 545 3368 qninqaaainta
567 3288 699 3351 damnas
721 3291 781 3350 esta
801 3285 885 3350 heres
902 3304 986 3355 mens
999 3279 1087 3348 'aare’

79 3374 174 3462 reque
187 3376 378 3457 adsarbtnm
390 3380 435 3440 est
448 3375 494 3439 ‘in
507 3395 606 3439 annos
619 3374 775 3457 sinonias’.
811 3373 914 3438 Labeo
931 3372 1089 3437 Trebatins

79 3485 224 3553 araeserns
254 3464 386 3547 heaatnm
417 3458 517 3528 deberi
540 3468 669 3545 patant,
700 3463 754 3528 sed
778 3463 888 3527 reatins
914 3462 1029 3526 dicetnr
1056 3461 1091 3525 n

79 3557 213 3642 baalam
234 3553 269 3618 in
292 3573 392 3618 annos
413 3553 551 3635 moratos
572 3552 679 3617 deberi.

127 3667 233 3716 Infima.
247 3666 361 3708 antebadn
374 3665 423 3706 toll
439 3666 474 3707 aa
487 3665 589 3709 Bramar.
614 3668 646 3722 11,
662 3671 682 3710 2.
856 3660 892 3711 Ἡ
