2422 3976
143 194 207 259 162
220 194 270 250 III.
281 192 357 250 GAII
367 189 659 248 columnares.
670 189 816 249 GALBAE
826 189 933 248 ΤΕΜΡ.
943 190 1043 248 IURIS
1053 191 1157 252 CONS.

461 414 508 473 Dc
529 415 562 473 ia
583 431 645 472 rem
668 415 835 474 adtonitas.
1022 412 1025 419 '
1156 458 1161 499 ,

230 534 283 600 96.
315 532 434 611 (laid,
455 531 527 596 114.
554 567 599 577 -
627 529 781 615 Superest
807 536 845 596 ut
870 532 1099 616 dispiciamus,
1129 537 1158 602 si

142 627 216 688 ante
238 645 307 687 rem
329 622 504 687 iudicatam
526 621 555 684 is
578 642 652 685 oum
672 643 735 704 quo
755 621 872 706 agitur,
894 626 972 705 post
989 629 1163 708 acceptum

142 711 294 777 iudicium
309 709 490 776 satisfaciat
504 709 616 794 actori,
632 710 708 792 quid
723 709 830 775 officio
846 709 960 776 iudicis
975 715 1159 800 conveniat,

142 805 252 867 utrum
275 799 443 864 absolvere
467 819 509 862 an
531 796 603 863 ideo
626 799 735 882 potius
757 799 924 885 damnare,
947 801 1024 883 quia
1045 800 1159 869 iudicii

143 888 320 973 accipiendi
353 892 498 971 tempore
529 887 565 950 iu
597 907 635 952 ea
666 909 763 952 causa
794 887 905 974 fuerit,
941 893 978 954 ut
1010 888 1166 957 damnari:

143 978 267 1045 debeat.
322 977 427 1042 nostri
462 979 689 1060 praeceptores
727 976 893 1042 absolvere
929 998 1004 1043 eum
1041 978 1162 1046 dobere

143 1067 346 1151 existimant,
378 1086 437 1130 uec
464 1065 619 1129 interesse
647 1065 736 1129 cuius
765 1066 894 1148 generis
922 1065 966 1130 sit
993 1066 1161 1135 iudicium.

143 1161 176 1230 at
194 1157 256 1221 hoo
276 1160 333 1234 est,
352 1153 438 1238 quod
456 1153 553 1238 vulgo
574 1152 690 1218 dicitur
708 1151 829 1219 Sabino
849 1159 881 1218 et
896 1151 1010 1220 Cassio
1028 1156 1161 1239 placere

144 1245 252 1311 omnia
292 1241 411 1308 iudicia
456 1241 656 1306 absolutoria
692 1263 771 1307 esse.
822 1240 990 1326 <diversae
1028 1245 1163 1312 scholae

144 1333 329 1399 auctoribus
354 1331 392 1395 de
416 1330 521 1395 stricti
543 1330 622 1395 iuris
645 1331 772 1395 iudiciis
796 1335 909 1396 contra
929 1333 1094 1419 placuit,>
1121 1335 1161 1401 de

143 1423 249 1488 bonae
272 1421 346 1485 fidei
369 1418 495 1484 iudiciis
520 1423 628 1484 autem
649 1419 734 1483 idem
759 1419 912 1500 sentiunt,
935 1421 1013 1505 quia
1034 1422 1072 1487 in
1091 1424 1161 1490 eius

144 1510 232 1576 modi
254 1508 380 1574 iudiciis
403 1508 541 1572 liberum
564 1511 614 1572 est
633 1507 775 1573 officium
793 1508 934 1574 iudicis..
954 1511 1162 1578 tantumdem

145 1603 178 1663 et
196 1599 235 1663 de
253 1599 288 1662 in
306 1618 373 1661 rem
393 1597 575 1662 actionibus
593 1599 720 1680 putant,
739 1597 815 1681 quia
829 1596 1011 1676 <formulae
1030 1601 1166 1686 verb>is³

145 1687 179 1751 id
197 1688 304 1770 ipsum
324 1685 530 1768 exprimatur,
545 1685 614 1768 <ita
631 1685 761 1750 demum
773 1707 864 1750 reum
879 1687 1161 1756 condemnandum

147 1796 229 1858 esse,
251 1774 316 1838 nisi
339 1773 499 1838 arbitratu
521 1773 635 1839 iudicis
658 1795 727 1838 rem
749 1775 959 1859 restituerit>

234 1863 287 1928 97.
313 1862 352 1927 D.
367 1863 398 1944 5,
412 1863 441 1944 3,
458 1861 557 1946 llpr.
601 1861 763 1946 Ulpianus
790 1863 875 1929 libro
898 1864 1012 1947 quinto
1037 1864 1167 1933 decimo·

146 1952 186 2018 ad
209 1952 348 2017 edictum
368 1947 416 2037 (P.
428 1947 518 2038 509).
536 1988 579 1998 —
597 1951 660 2016 Pro
679 1951 795 2016 herede
813 1952 967 2036 possidet,
991 1954 1050 2038 qui
1067 1958 1168 2040 putat·

146 2063 180 2106 se
206 2041 357 2106 heredem
384 2061 464 2106 esse.
510 2040 566 2104 sed
594 2062 637 2104 an
663 2044 696 2104 et
718 2040 760 2125 is,
788 2043 843 2125 qui
867 2042 928 2106 scit
951 2062 985 2105 se
1010 2044 1167 2110 heredem·

145 2152 210 2194 non
233 2151 312 2213 esse,
330 2151 389 2213 pro
408 2128 525 2194 herede
543 2129 717 2212 possideat,
740 2129 911 2212 quaeritur.
949 2133 982 2194 et
999 2129 1160 2198 Arrianus

146 2219 229 2282 libro
254 2219 392 2282 seeundo
416 2218 454 2281 de
473 2217 658 2282 Interdictis
681 2221 776 2300 putat
794 2220 907 2302 teneri,
929 2241 993 2302 quo
1012 2221 1083 2287 iure
1101 2243 1159 2287 nos

145 2308 194 2372 uti
214 2305 369 2372 Proculus
393 2307 512 2371 scribit.

235 2396 287 2461 98.
315 2395 354 2460 Ι).
369 2395 399 2478 6,
416 2395 510 2478 1,27,
527 2397 554 2459 1.
599 2393 689 2459 Idem
714 2391 772 2480 (sc.
792 2392 925 2479 Paulus)
948 2395 1035 2463 libro
1060 2400 1160 2465 vicen·

147 2486 229 2550 simo
247 2485 353 2569 primo
373 2484 413 2547 ad
433 2485 572 2548 edictum
592 2481 640 2570 (P.
651 2482 740 2569 330).
757 2521 798 2530 —
814 2483 980 2549 Possidere
1000 2535 1026 2551 ..
1046 2487 1166 2572 aliquis

148 2575 242 2638 debet
268 2576 378 2657 utique
407 2576 440 2637 et
468 2573 535 2637 litis
564 2575 764 2637 contestatae
790 2576 936 2656 tempore
964 2578 997 2639 et
1023 2598 1088 2660 quo
1110 2597 1159 2641 res

146 2663 307 2728 iudicatur
398 2662 425 2724 si
449 2661 516 2725 litis
541 2665 740 2726 contestatae
759 2665 903 2745 tempore
921 2683 987 2728 non
1006 2666 1158 2747 possedit,

148 2773 210 2834 quo
244 2756 352 2815 autem
382 2749 541 2814 iudicatur
568 2750 727 2835 possidet,
758 2749 925 2833 probanda
953 2757 1004 2816 est
1032 2752 1157 2820 Proculi

149 2839 324 2921 sententia,
346 2840 384 2902 ut
407 2840 591 2903 omnimodo
615 2839 852 2904 condemnetur.

237 2927 288 2991 99.
317 2927 355 2990 D.
370 2928 400 3009 6,
417 2927 446 3006 1,
459 2929 511 3011 27,
526 2927 556 2992 5.
600 2927 692 2992 Idem
715 2927 772 3011 (sc.
790 2925 924 3014 Paulus)
947 2928 1033 2995 libro
1057 2932 1155 2997 vicen·

149 3016 231 3081 simo
259 3016 363 3098 primo
392 3016 432 3081 ad
460 3016 598 3082 edictum
623 3013 671 3102 (P.
686 3014 775 3103 336).
802 3016 904 3081 -In
930 3039 1000 3082 rem
1025 3021 1156 3102 petitam

149 3105 178 3170 si
199 3126 367 3187 possessor
391 3111 466 3170 ante
487 3105 576 3169 litem
596 3109 810 3170 contestatam
829 3109 977 3189 sumptus
996 3106 1083 3193 fecit,
1104 3127 1158 3192 per

150 3193 217 3259 doli
247 3193 324 3257 mali
351 3194 573 3278 exceptionem
601 3195 685 3261 ratio
715 3217 825 3260 eorum
852 3194 963 3260 haberi
992 3195 1101 3283 debet,
1130 3193 1155 3260 si

148 3284 333 3365 perseveret
356 3287 446 3346 actor
468 3287 578 3367 petere
601 3305 669 3347 rem
693 3305 785 3347 suam
806 3306 872 3348 non
894 3283 1029 3350 redditis
1055 3306 1165 3368 sump··

149 3372 245 3435 tibus.
291 3370 375 3434 idem
403 3375 454 3435 est
481 3372 592 3454 etiam,
620 3373 647 3436 si
673 3372 782 3437 noxali
808 3372 926 3437 iudicio
956 3394 1086 3440 servum
1108 3373 1155 3438 de·

150 3459 252 3524 fendit
281 3463 314 3523 et
341 3459 512 3525 damnatus
539 3461 703 3542 praestitit
729 3462 913 3545 pecuniam,
941 3467 999 3528 aut
1025 3463 1060 3528 in
1088 3482 1164 3528 area·

150 3571 231 3633 quae
267 3547 329 3613 fuit
365 3549 511 3631 petitoris
545 3570 603 3632 per
636 3571 774 3615 errorem
806 3550 947 3615 insulam
982 3549 1154 3618 aedificavit

1197 3744 1202 3805 l
