2422 3976
61 198 79 247 1.
88 192 292 248 CARTILIUS.
304 225 336 234 -
353 199 377 246 2.
393 194 475 250 VAR.
485 194 677 252 LUCULLUS.
690 228 723 237 -
734 205 758 252 3.
769 196 866 252 COCC.
876 197 1011 255 NERVA.
1045 201 1066 264 ξ)

60 353 192 420 Varium
207 355 379 421 Lucullum
399 358 570 443 aliquando
589 359 763 444 dubitasse,
787 361 843 424 sed
866 363 971 427 verius
997 384 1066 427 esse

59 466 117 509 non
137 445 277 530 adquiri,
295 445 424 510 etiamsi
442 450 580 512 testator
599 447 639 512 ad
657 471 708 513 me
722 449 880 514 voluisset
898 451 1066 534 pertinere.

208 760 249 842 3.
286 767 334 839 Μ.
364 767 585 841 docunius
613 770 781 843 NERVA
808 772 855 844 M.
882 771 920 843 F.

141 927 182 986 M.
207 926 323 988 Coooeii
345 930 462 990 Nervae
490 927 572 1008 (111
599 952 628 1008 p.
647 925 727 1013 300)
750 932 844 1010 filius,
871 936 958 1009 pater
980 951 1064 1008 prae-

58 1017 129 1077 toris
165 1016 316 1093 designati
350 1019 420 1077 anni
449 1021 489 1078 65
519 1020 708 1097 eiusdemque
740 1023 847 1097 postea
879 1021 1067 1096 imperatoris

59 1098 302 1186 (Orelli-Hensen
326 1109 427 1184 5433,
454 1107 577 1168 Pernioe
598 1110 720 1186 Enoyol.
742 1130 770 1184 p.
793 1103 880 1186 153),
903 1109 977 1168 iuris
1000 1129 1067 1169 con·

60 1196 155 1254 sultus
176 1194 230 1272 qui
248 1199 279 1254 et
297 1197 502 1273 respondendo
521 1201 552 1256 ot
566 1198 651 1258 libris
666 1197 828 1257 scribendis
843 1216 965 1273 operam
978 1197 1068 1274 dedit,

58 1283 102 1342 eui
126 1303 146 1343 a
169 1283 298 1361 posteris
323 1278 436 1344 ‘Nerva
457 1280 551 1346 filius'
573 1306 738 1365 cognomen
760 1286 889 1345 inditum
913 1288 968 1346 est.

142 1372 180 1432 In
212 1374 368 1434 sententiis
400 1393 476 1451 quae
507 1376 684 1451 traduntur,
716 1379 836 1435 secutus
869 1377 915 1435 est
948 1372 1070 1433 Ofilium

57 1453 103 1539 (D.
119 1463 173 1536 41,
189 1463 219 1538 2,
235 1463 298 1532 1‚3
322 1455 441 1522 ‘Ofilius
466 1509 494 1522 ..
515 1468 546 1523 et
568 1464 669 1524 Nerva
691 1464 773 1523 filius
868 1457 990 1542 aiunt'),
1013 1463 1070 1522 La-

55 1549 179 1609 beonem
195 1541 340 1629 (D.41,2‚
348 1552 424 1630 3,14
439 1545 552 1612 ‘Labeo
568 1556 599 1611 et
608 1552 709 1612 Nerva
721 1552 802 1612 filius
815 1546 1068 1632 responderunt'),

55 1638 153 1714 ipsum
173 1641 296 1698 seoutns
311 1644 357 1699 est
369 1639 505 1716 Pegasus
524 1632 575 1721 (D.
591 1643 618 1715 3,
636 1645 664 1720 2,
679 1644 708 1718 2,
724 1643 742 1700 5
763 1634 910 1717 ‘Pegasus
925 1644 956 1701 et
968 1641 1069 1701 Nerva

55 1726 132 1787 filius
160 1720 416 1810 responderunt').
461 1729 603 1789 laudatur
636 1749 655 1789 a
681 1728 755 1790 Gaio
788 1729 872 1790 libris
901 1730 937 1788 de
964 1749 1069 1788 manu·

56 1816 258 1893 missionibus,
282 1835 300 1875 a
323 1817 469 1877 Venuleio
493 1818 578 1878 libris
597 1818 841 1895 stipulationum,
864 1837 882 1876 a
904 1818 1068 1893 Papiniano

55 1905 139 1964 libris
159 1904 386 1982 Quaestionum,
409 1925 428 1965 a
445 1905 541 1965 Paulo
561 1911 591 1966 et
608 1906 747 1984 Ulpiano,
770 1907 860 1983 idque
879 1908 917 1966 ab
939 1910 1070 1983 utroque

55 1993 140 2053 libris
159 1993 199 2053 ad
220 1993 357 2070 edictum,
378 1995 415 2054 ab
434 1994 564 2072 Ulpiano
578 2000 735 2071 praeterea
753 1995 839 2054 libris
858 1996 895 2054 ad
915 1995 1068 2054 Sabinum.

444 2208 467 2265 I.
499 2209 692 2284 Responsa.

144 2329 212 2388 Iam
239 2348 332 2390 annos
362 2332 464 2391 deoem
492 2336 523 2391 et
551 2335 664 2408 septem
692 2335 747 2391 aut
768 2332 860 2407 paulo
885 2332 954 2407 plus
982 2333 1071 2390 natus

56 2412 166 2478 ‘fertur
193 2419 297 2479 Nerva
332 2419 412 2480 filius
450 2424 480 2479 et
515 2421 635 2497 publice
668 2421 703 2480 de
739 2421 805 2479 iure
834 2411 1071 2496 responsitasse'.

55 2508 92 2567 n.
108 2510 138 2585 s,
155 2511 183 2583 1,
200 2512 229 2584 1,
244 2510 262 2567 3
287 2508 354 2584 uip.

479 2608 523 2662 De
540 2609 654 2676 nuptiis.

150 2716 177 2779 l.
203 2713 240 2781 D.
256 2717 286 2797 3,
300 2717 329 2793 2,
344 2717 374 2798 2,
388 2715 418 2781 5.
465 2715 624 2802 Ulpianus
647 2719 731 2783 libro
757 2721 846 2782 sexto
871 2715 910 2780 ad
935 2714 1072 2779 edietum

56 2800 106 2889 (P.
122 2800 228 2890 279⁸).
254 2841 290 2850 -
316 2804 383 2869 Eos
407 2852 437 2869 ..
461 2807 515 2889 qui
543 2811 696 2890 quaestus
720 2828 815 2871 eausa
837 2805 872 2869 in
896 2803 1074 2868 certamina

57 2892 270 2972 descendunt,
298 2903 331 2958 et
359 2916 471 2958 omnes
497 2899 631 2979 propter
658 2895 838 2979 praemium
865 2893 900 2957 in
924 2913 1073 2957 scaenam

58 2981 256 3064 prodeuntes
283 2987 426 3047 famosos
454 3004 524 3048 esse
548 2982 691 3068 Pegasus
719 2987 753 3047 et
775 2981 883 3047 Nerva
911 2981 996 3045 filius
1024 3001 1072 3044 re·

58 3069 267 3153 sponderunt.

452 3174 496 3229 De
512 3176 685 3244 possessione.

148 3285 178 3346 2.
213 3282 250 3347 D.
269 3284 323 3366 41,
337 3285 367 3367 2,
381 3284 412 3367 3,
428 3284 479 3349 17.
524 3283 645 3349 Paulus
672 3285 755 3348 libro
786 3279 1074 3367 quinquagensimo

59 3375 175 3455 quarto
199 3371 240 3436 ad
265 3372 404 3436 edietum
428 3371 476 3459 (Ρ.
491 3370 594 3460 568⁰).
621 3409 658 3420 —
682 3372 790 3437 Labeo
810 3376 843 3436 et
861 3370 970 3434 Nerva
987 3366 1074 3430 filius

60 3461 298 3545 responderunt
321 3461 463 3526 desinere
486 3483 537 3526 me
560 3462 725 3563 possidere
748 3481 821 3525 eum
841 3459 958 3541 locum,
980 3476 1075 3538 quem

61 3548 179 3614 flumen
203 3552 261 3614 aut
284 3572 372 3614 mare
396 3554 609 3635 occupaverit.
