2422 3976
398 189 422 238 6.
445 182 654 239 IAVOLENUS
672 183 819 239 PRISCUS
1047 184 1113 249 451

361 363 413 429 De
433 365 595 431 arboribus
615 366 728 447 furtim
750 367 853 430 caesis.

110 432 122 451 ὑ
189 480 243 545 81.
271 478 311 544 D.
329 480 383 562 47,
402 481 431 561 7,
452 480 503 545 12.
548 479 720 544 Iavolenus
748 481 832 544 libro
853 481 965 564 quinto
990 481 1115 545 decimo

47 636 49 643 ,
107 588 142 632 ex
164 565 288 634 Cassio.
315 604 353 615 -
384 570 445 650 Qui
466 590 576 652 comm
595 570 743 653 uendidit,
765 569 863 634 uidiio
881 572 986 634 miuus
1002 571 1115 649 furtim

47 670 49 675 '
105 657 247 723 ortuum
269 677 429 722 caesorum
451 679 538 741 ooere
554 663 662 740 potest.

398 835 449 899 De
471 836 618 899 tomorum
640 836 818 900 venditione.

189 949 242 1015 82.
271 949 309 1014 D.
324 950 354 1031 3,
368 950 399 1028 4,
414 951 444 1016 8.
485 949 657 1015 Iavolenus
681 951 765 1015 libro
790 950 903 1035 quinto
928 951 1051 1017 decimo
1075 973 1114 1015 ex

107 1034 225 1103 (tassio.
249 1074 294 1084 -
319 1037 464 1104 Oioitotes
490 1041 519 1104 si
541 1060 601 1121 per
627 1060 677 1105 eos
703 1041 757 1121 qui
779 1060 827 1104 ces
849 1061 956 1105 eorum
978 1041 1115 1105 odmiui-

105 1131 204 1192 strom
229 1147 292 1192 uou
319 1127 523 1208 defeuduutur
549 1148 603 1192 uec
629 1129 795 1210 quicquam
822 1134 866 1193 est
892 1130 1048 1211 corporate
1069 1130 1116 1193 rei

103 1215 240 1297 publicae
261 1217 344 1298 quod
354 1218 556 1298 possideatur,
573 1237 632 1299 per
651 1216 839 1282 exustiones¹
858 1218 1025 1282 debitorum
1044 1219 1116 1282 cioi·

107 1306 177 1370 totis
199 1305 357 1387 comtibus
379 1307 526 1389 satisfieri
547 1311 669 1387 oportet.

190 1417 227 1476 of.
251 1416 344 1475 Lenel
366 1416 462 1477 Ediot.
486 1414 594 1492 §202

191 1526 245 1592 83.
266 1524 307 1589 D.
320 1526 351 1605 4,
366 1528 395 1605 6,
409 1528 507 1610 34pr.
553 1527 723 1592 Iavolenus
747 1529 830 1592 libro
855 1529 968 1611 quinto
992 1528 1115 1592 decimo

105 1634 142 1679 ex
160 1610 284 1679 Cassio.
306 1649 349 1661 -
373 1615 470 1681 Miles
492 1621 660 1681 commeatu
683 1622 800 1698 accepto
822 1619 851 1681 si
873 1619 961 1682 domo
983 1637 1042 1682 suo
1064 1622 1118 1701 est,

104 1703 308 1786 reipublicae
329 1724 425 1770 causo
447 1705 549 1770 adesse
570 1726 633 1770 uou
654 1706 780 1770 videtur.

192 1816 229 1874 cf.
252 1814 321 1874 vat.
341 1816 377 1876 fr.
398 1818 470 1876 222.
516 1817 609 1876 Lenel
632 1817 727 1876 Ediot.
751 1815 859 1893 §uos

191 1924 244 1989 84.
271 1924 312 1992 D.
330 1925 407 1991 ibid.
426 1929 445 2007 ξ
464 1929 490 1994 1.
519 1964 560 1974 -
591 1927 652 2008 Qui
678 1948 785 2009 operas
811 1929 846 1992 iu
867 1928 1004 2010 publico,
1036 1929 1120 2010 quod

102 2014 296 2168 wgtggttm
324 2035 418 2080 oaecso
446 2016 578 2080 iocatum
605 2021 659 2098 est,
692 2018 759 2098 dot,
785 2016 995 2098 reipublicae
1021 2037 1117 2081 couso

191 2205 230 2265 of.
252 2205 288 2265 D.
304 2208 354 2277 so,
372 2209 487 2285 1o,1o.

192 2305 245 2371 85.
268 2304 307 2370 D.
322 2306 352 2388 5,
370 2309 398 2388 1,
412 2308 464 2372 34.
504 2308 675 2373 Iavolenus
696 2310 779 2372 libro
799 2309 912 2392 quinto
932 2307 1056 2373 decimo
1077 2330 1116 2371 ex

100 2392 226 2461 Cassio.
252 2430 291 2441 -
316 2395 354 2460 Si
376 2397 404 2460 is
426 2399 481 2477 qui
499 2397 617 2461 Romae
638 2399 788 2462 iudicium
811 2402 965 2479 occeperat
986 2398 1118 2480 decessit,

96 2482 188 2550 iteres
209 2484 277 2548 eius
298 2487 439 2565 quamuis
462 2487 651 2551 domicilium
674 2492 762 2550 trous
780 2507 866 2549 moue
882 2486 977 2568 dubet,
1000 2485 1118 2549 Romae

98 2577 208 2639 tamen
229 2573 352 2654 defendi
374 2573 465 2656 debet,
491 2577 567 2655 quio
589 2577 719 2639 succedit
740 2576 775 2639 iu
797 2576 861 2639 eius
885 2576 992 2658 domem,
1014 2596 1035 2638 o
1058 2595 1118 2656 quo

96 2660 189 2729 iteres
211 2661 333 2726 relictus
355 2666 408 2725 est.

193 2748 246 2814 86.
280 2748 463 2832 D.50‚16,
485 2752 556 2814 114.
607 2751 694 2815 Idem
727 2748 784 2838 (sc.
811 2749 999 2837 Iavolenus)
1033 2753 1117 2816 libro

96 2838 219 2925 quinto
251 2837 377 2903 decimo
408 2861 447 2902 ex
476 2837 598 2904 Cassio.
625 2877 670 2887 —
696 2839 842 2905 solcum
869 2861 931 2905 esse
957 2862 1043 2906 uemo
1071 2843 1118 2905 iu·

96 2927 265 3010 timetur,
286 2927 351 2991 uisi
372 2929 427 3008 qui
449 2929 581 2993 solidum
598 2934 697 3010 potest
718 2929 837 2993 soioeoe.

193 3016 247 3082 87.
275 3015 314 3079 D.
330 3014 425 3098 16,2,
442 3017 492 3082 14.
542 3017 712 3082 Iavolenus
740 3018 824 3081 libro
853 3017 966 3100 quinto
994 3019 1118 3082 decimo

98 3125 141 3171 ex
180 3102 305 3171 Cassio.
343 3141 386 3151 —
428 3105 638 3188 Quaecumque
673 3127 731 3188 per
766 3107 965 3187 exceptionem
999 3108 1120 3188 peremi

98 3198 244 3278 possunt,
266 3194 302 3258 iu
324 3197 593 3275 compeusotioumo
615 3216 679 3260 uou
701 3196 835 3259 oeuiuut.

193 3311 253 3372 Pro
273 3307 316 3371 ‘in
334 3309 616 3388 compensationem’
634 3315 734 3390 potius
754 3309 797 3373 ‘in
812 3309 1031 3374 deductionem’
1048 3314 1118 3372 scri·

104 3397 239 3462 bendum
274 3419 337 3464 esse
365 3401 458 3462 Lenel
481 3404 602 3481 conicit,
636 3405 672 3463 de
695 3406 841 3464 bonorum
870 3404 946 3462 enim
976 3407 1120 3479 emptore,

177 3559 191 3607 1
212 3552 260 3608 m.
278 3552 412 3610 actiones.
