2422 3976
471 184 496 234 τ.
515 177 703 235 euocatus
836 151 839 158 ’
1030 179 1094 245 109

79 344 127 409 rel
161 344 257 429 quasi
289 364 397 424 suum,
428 341 513 426 quod
545 342 680 406 interest
712 343 944 426 praestabitur,
982 348 1015 408 et
1047 344 1094 409 ita

79 433 237 499 Proculus
257 433 294 496 in
316 436 527 516 procuratore
549 430 727 514 respondit

168 522 221 587 10.
243 520 284 585 D.
300 519 351 603 10,
365 521 396 603 3,
410 522 440 601 4,
455 521 483 585 3.
497 520 521 584 4
534 525 566 584 et
582 520 633 598 10,
647 520 677 604 3,
691 519 721 585 5.
746 516 836 585 Idem
852 517 909 607 (sc.
918 518 1093 607 Ulpianus)

79 612 161 676 libro
193 631 283 675 nono
316 608 439 673 decimo
472 608 512 672 ad
542 608 683 672 edictum
711 607 762 694 (P.
781 606 860 695 639)
889 614 922 674 et
948 608 1093 675 Iulianus

78 699 164 765 libro
202 697 344 764 secundo
382 696 422 761 ad
455 695 606 761 Urseium
643 694 694 783 (P
723 694 813 784 494).
850 733 893 744 -
930 696 1021 763 Siout
1057 747 1094 764 ..

80 790 185 872 ipsius
208 788 254 852 rei
276 786 394 851 divisIo
416 786 504 850 venIt
527 786 560 849 in
585 786 747 851 communi
769 785 946 852 dividundo
964 787 1095 871 iudicio,

79 876 125 942 ita
148 877 251 941 etiam
273 875 510 960 praestationes
534 875 669 939 veniunt
756 875 851 958 plane
875 874 998 940 fructus
1018 881 1093 941 ante

79 966 234 1050 percepti,
257 986 356 1049 quarn
379 984 430 1027 res
454 964 634 1028 communis
655 968 749 1047 esset,
773 964 825 1028 vel
848 968 995 1046 sumptus
1018 971 1094 1030 ante

80 1055 156 1120 facti
195 1055 231 1118 in
269 1052 431 1118 communi
464 1052 638 1117 dividundo
670 1053 822 1118 iudicium
855 1073 919 1117 non
952 1054 1095 1118 veniunt.

81 1148 254 1228 eapropter
282 1141 395 1207 scribit
422 1139 584 1224 Iulianus,
617 1141 645 1205 si
672 1142 764 1206 missi
791 1141 826 1205 in
853 1142 1094 1223 possessionem

82 1232 190 1296 damni
209 1229 324 1296 infecti
342 1230 444 1294 simus
459 1232 492 1294 et
506 1235 590 1313 ante,
609 1252 707 1315 quam
720 1230 887 1315 possidere
901 1229 1095 1313 iuberemur,

82 1342 140 1407 ego
171 1319 314 1384 insulam
341 1319 475 1401 fulsero,
503 1321 668 1402 sumptum
697 1319 798 1383 istum
826 1319 988 1383 communi
1014 1319 1094 1382 diri-

82 1409 189 1475 dundo
213 1406 332 1473 iudicio
357 1408 508 1490 consequi
531 1430 583 1472 me
601 1428 668 1471 non
685 1429 790 1491 posse.
811 1407 815 1492 Ι
836 1407 892 1473 sed
911 1408 1010 1472 sires
1029 1429 1095 1472 non

81 1498 306 1564 defenderetur
328 1500 362 1561 et
383 1496 456 1560 ideo
479 1496 559 1560 iussi
583 1518 693 1560 sumus
717 1501 903 1580 apraetore
924 1496 978 1561 ees
998 1496 1093 1561 aedes

80 1587 245 1671 possidere
274 1589 307 1650 et
334 1607 373 1649 ex
399 1585 462 1650 hoc
489 1584 667 1649 dominium
695 1607 806 1650 earum
828 1585 1095 1669 nancisceremur,

80 1674 248 1760 respondit
265 1673 422 1739 Proculus
445 1673 609 1739 communi
632 1673 805 1738 dividundo
829 1672 946 1739 iudIcio
965 1677 1094 1758 partem

81 1765 148 1830 eius
171 1765 338 1848 impensae
361 1785 412 1826 me
436 1768 639 1826 servaturum
663 1784 740 1828 esse.

167 1875 264 1935 Lenel
282 1876 382 1934 notat:
402 1867 576 1933 ‘verisimile
595 1877 641 1933 est
659 1874 811 1934 Iulianum
829 1873 982 1934 interdicti
1000 1873 1095 1944 Quem

80 1965 207 2024 fundum
231 1963 413 2022 mentionem
435 1957 562 2021 fecisse'.

444 2133 495 2199 De
517 2136 578 2217 {epe
599 2135 739 2218 Aquilio.

172 2262 221 2325 11.
250 2259 290 2324 D.
305 2259 335 2339 9,
350 2259 379 2342 2,
393 2260 445 2339 27,
462 2261 489 2324 1.
535 2255 696 2342 Ulpianus
724 2259 808 2324 libro
832 2262 945 2324 octavo
970 2259 1094 2324 decimo

83 2350 122 2414 ad
151 2349 293 2414 edictum
317 2345 367 2434 (P.
387 2345 475 2432 621).
503 2383 539 2393 -
567 2346 602 2412 si
630 2370 741 2413 servus
769 2348 948 2412 communis
978 2349 1097 2428 [idest

79 2460 172 2503 meus
202 2441 236 2502 et
263 2439 353 2518 tuus]
385 2458 511 2500 servum
537 2458 643 2500 meum
667 2437 832 2517 occiderit,
859 2437 923 2518 legi
946 2436 1096 2520 Aquiliae

83 2527 173 2593 locus
202 2529 253 2590 est
282 2525 434 2589 adversus
462 2532 507 2609 te,
536 2525 564 2588 si
591 2529 648 2588 tua
675 2525 843 2590 voluntate
871 2525 962 2608 feeit,
990 2529 1023 2589 et
1050 2525 1097 2588 ita

82 2614 254 2681 Proculum
291 2615 493 2679 existimasse
525 2612 658 2678 Urseius
691 2614 798 2679 refert.
854 2614 938 2698 quod
971 2614 999 2677 si
1031 2635 1095 2678 non

83 2705 250 2769 voluntate
273 2706 331 2767 tua
353 2701 443 2785 fecit,
471 2723 596 2767 cessare
619 2703 768 2767 noxalem
792 2704 966 2781 actionem,
989 2724 1029 2766 ne
1054 2704 1097 2767 sit

82 2793 116 2858 in
137 2794 303 2878 potestate
327 2792 424 2870 servi,
446 2789 529 2855 utri¹
552 2792 614 2855 soli
637 2791 765 2856 serviat.

173 2881 237 2946 12².
270 2877 387 2945 Collat.
408 2881 458 2963 12,
480 2880 509 2963 7,
528 2881 557 2945 9.
602 2878 762 2964 Ulpianus
794 2880 878 2944 libro
906 2879 1021 2944 XVIII
1056 2883 1095 2945 ad

82 2970 223 3036 edictum
240 2966 290 3054 (P.
304 2968 394 3053 623).
411 3005 449 3017 -
470 2967 626 3034 Proculus
646 3018 675 3035 ..
694 2969 872 3052 respondit,
896 2991 968 3033 cum
988 2969 1096 3034 coloni

83 3060 168 3124 servi
189 3058 301 3122 villam
321 3056 513 3138 exusserint,
533 3059 682 3122 colonum
700 3058 752 3122 rel
772 3079 811 3122 ex
828 3059 935 3123 locato
955 3058 1005 3123 vel
1024 3060 1096 3140 lege

81 3147 216 3232 Aquilia
248 3146 367 3225 teneri,
399 3147 446 3210 ita
478 3152 515 3209 ut
546 3148 679 3210 colonus
712 3169 820 3212 servos
854 3151 964 3230 posset
995 3167 1096 3210 noxae

82 3236 198 3301 dedere
222 3241 254 3299 et
278 3235 306 3298 si
329 3256 394 3298 uno
418 3234 535 3300 iudicio
559 3257 610 3299 res
633 3242 718 3300 esset
734 3236 884 3319 iudicata,
907 3236 1010 3300 altero
1030 3257 1095 3297 am·

81 3326 167 3410 plius
191 3346 256 3389 non
281 3322 451 3407 agendum.

176 3409 242 3478 12¹³.
264 3410 305 3478 D.
319 3412 349 3495 9,
363 3413 393 3495 2,
407 3410 460 3491 27,
476 3413 526 3476 11.
563 3411 724 3497 Ulpianus
742 3414 825 3478 libro
844 3417 957 3478 octavo
973 3410 1095 3476 decimo

156 3559 171 3606 1
192 3551 240 3606 Fr.
258 3554 291 3606 ut
307 3551 370 3606 tibi.
