2422 3976
96 109 161 174 184
174 109 223 165 111.
233 109 310 165 GAII
320 107 470 164 CLAUDII
478 107 615 164 NERON.
625 108 770 164 GALBAE
780 109 888 166 unul).
898 108 997 167 IUBIS
1007 107 1107 166 UONS.

95 272 285 356 exusserint,
307 271 391 336 libro
410 270 441 336 X
459 270 594 337 Urseius
613 271 713 337 refert
731 269 886 337 Sabinum
903 273 1109 355 respondisse

93 362 167 447 lege
186 360 317 446 Aquilia
335 381 501 425 servorum
519 360 650 425 nomine
670 360 838 427 dominum
858 361 969 427 noxali
987 361 1108 428 iudicio

94 448 358 532 conveniendum,
381 471 419 514 ax
437 449 545 514 locato
565 453 672 514 autem
691 449 857 515 dominum
875 449 980 515 tanari
999 454 1107 537 negat.

93 537 251 604 Proculus
282 543 389 602 autem
422 538 601 622 respondit,
633 559 706 606 cum
739 538 847 604 coloni
878 538 963 604 servi
995 540 1108 605 villam

94 626 290 711 exusserint,
322 628 472 692 colonum
505 626 556 691 vel
588 649 627 691 ex
658 628 766 694 locato
794 627 845 693 val
873 628 944 713 lega
972 625 1107 712 Aquilia

95 717 212 799 teneri,
240 715 288 779 ita
311 719 346 780 ut
374 715 507 781 colonus
531 737 641 781 servos
664 719 777 800 posset
799 738 902 782 noxae
925 716 1051 803 dedere,
1074 721 1106 782 et

94 804 122 869 si
151 827 215 870 uno
240 803 358 870 iudicio
381 825 433 868 res
457 806 543 868 esset
565 803 721 891 iudicata,
749 805 852 872 altero
877 805 1017 890 amplius
1040 827 1107 871 non

94 893 265 979 agendum.

182 999 249 1065 36b.
272 999 311 1063 D.
325 999 355 1082 9,
369 1001 399 1080 2,
413 999 529 1083 27,11.
562 997 722 1082 Ulpianus
740 999 825 1064 libro
844 1003 959 1065 octavo
980 999 1104 1066 decimo

93 1088 134 1153 ad
163 1088 310 1153 edictum.
332 1125 370 1134 —
390 1087 547 1152 Proculus
575 1088 634 1172 ait,
663 1110 736 1153 cum
759 1089 864 1154 coloni
887 1088 971 1153 servi
995 1089 1105 1154 villam

94 1177 304 1261 exussissent,
337 1177 485 1242 colonum
512 1176 564 1241 vel
592 1198 631 1241 ex
659 1177 765 1242 locato
793 1178 845 1243 vel
872 1177 945 1263 lege
973 1177 1106 1262 Aquilia

93 1266 210 1345 teneri,
236 1266 284 1331 ita
311 1268 348 1329 ut
373 1266 506 1330 colonus
529 1266 634 1349 possit
657 1287 767 1331 servos
790 1286 893 1331 noxae
916 1265 1048 1352 dedere,
1073 1269 1106 1330 at

94 1355 122 1419 si
149 1376 213 1419 uno
241 1354 360 1419 iudicio
382 1375 433 1418 res
457 1357 542 1418 esset
564 1353 717 1436 iudicata,
746 1354 848 1420 altero
877 1354 1018 1438 amplius
1040 1376 1106 1421 nou

94 1443 262 1528 agendum.
318 1442 374 1507 sed
411 1442 490 1508 haec
521 1442 581 1526 ita,
618 1443 646 1506 si
679 1443 773 1526 culpa
804 1443 937 1508 colonus
969 1449 1105 1526 careret,

94 1536 236 1596 ceterum
264 1529 293 1595 si
319 1530 432 1597 noxios
461 1551 570 1596 servos
597 1531 724 1615 habuit,
752 1531 861 1597 damni
888 1552 961 1596 euru
989 1532 1107 1598 iniuria

93 1619 211 1699 teneri,
241 1641 297 1684 cur
326 1619 410 1683 tales
442 1619 566 1684 habuit.
618 1620 705 1684 idem
735 1620 928 1686 servandum
958 1623 992 1685 et
1022 1621 1106 1687 circa

93 1708 324 1792 inquilinorum
345 1708 471 1772 insulae
494 1730 649 1792 personas
673 1707 793 1773 scribit.

183 1814 235 1879 37.
263 1812 303 1879 D.
324 1815 374 1894 18,
393 1815 422 1893 6,
443 1815 493 1880 13.
514 1813 566 1880 14.
611 1814 731 1880 Paulus
759 1814 844 1881 libro
871 1815 969 1882 tertio
994 1813 1107 1883 Alfeni

97 1901 323 1986 Epitomarum
351 1899 400 1990 (P.
413 1899 473 1989 52)
502 1907 534 1967 et
560 1902 705 1968 Iulianus
732 1903 817 1969 libro
845 1904 943 1969 tertio
977 1905 1020 1970 ad
1047 1905 1106 1974 Ur·

94 1993 197 2056 seium
228 1991 382 2056 Ferocem
415 1987 467 2077 (P.
485 1992 575 2076 910).
602 2028 647 2040 —
673 1990 791 2058 Lectos
824 1997 951 2076 emptos
983 1995 1107 2077 aedilis,

94 2102 167 2145 oum
194 2079 229 2144 in
251 2082 303 2145 via
325 2081 456 2165 publica
477 2081 578 2165 positi
601 2085 717 2165 assent,
746 2082 894 2147 concidit.
940 2081 969 2147 si
992 2084 1107 2150 traditi

95 2172 204 2234 esseut
240 2170 379 2253 emptori
415 2173 472 2233 aut
513 2191 571 2252 per
608 2192 680 2234 eum
718 2170 862 2235 stetisset
899 2192 963 2255 quo
1000 2173 1106 2238 miuus

93 2258 309 2341 traderentur,
333 2259 489 2341 emptoris
512 2258 692 2342 periculum
716 2279 785 2323 esse
807 2260 921 2340 placet.
943 2260 947 2344 Ι
969 2283 1106 2346 eumque

95 2369 166 2412 cum
187 2348 292 2430 aedili,
311 2347 340 2410 si
357 2347 390 2410 id
408 2368 475 2411 uon
494 2347 564 2410 iure
581 2347 721 2429 fecisset,
739 2347 925 2412 habiturum
946 2350 1106 2415 actionem

93 2435 173 2520 legis
205 2435 369 2520 Aquiliae,
406 2439 462 2499 out
497 2439 583 2500 certa
621 2457 693 2500 cum
725 2436 891 2501 venditore
924 2458 964 2502 ex
995 2442 1105 2523 empto

94 2525 254 2609 agendum
284 2545 367 2607 esse,
397 2528 433 2589 ut
459 2524 487 2588 is
517 2525 661 2589 actiones
686 2547 775 2608 suas,
803 2547 882 2608 quas
906 2547 980 2591 cum
1004 2528 1106 2593 aedile

94 2612 276 2695 habuisset,
299 2614 329 2676 ei
350 2616 539 2695 praestaret.

256 2805 306 2871 Dc
327 2775 616 2891 interrooatc'ocibcls
638 2808 673 2872 ic
695 2809 763 2872 iore
782 2809 943 2889 faciendis

184 2931 236 2994 38.
268 2929 308 2994 Ι).
329 2930 499 3015 11,1‚18.
549 2931 692 2995 Iulianus
719 2931 803 2996 libro
831 2936 947 3017 quarto
976 2934 1018 2998 ad
1047 2931 1104 2999 Ur-

95 3018 197 3082 seium
228 3018 380 3085 Ferocem
412 3017 460 3106 (P.
484 3017 571 3106 923).
607 3055 645 3066 -
680 3018 743 3095 Qui
776 3041 815 3084 ex
846 3025 937 3104 parta
973 3021 1104 3088 dimidia

94 3107 187 3172 heres
216 3114 286 3173 erat
313 3130 384 3174 cum
413 3110 580 3173 absentem
606 3108 795 3173 coheredem
819 3131 913 3173 suum
937 3109 1103 3177 defendero

94 3198 204 3280 vellet,
234 3201 270 3261 ut
298 3197 517 3262 satisdationis
546 3219 627 3262 onus
655 3197 775 3261 evitare
803 3199 922 3283 possit,
948 3198 1006 3286 <in
1034 3201 1102 3266 iura

94 3285 336 3370 interrogatus>
371 3286 538 3368 respondit
574 3309 608 3350 se
646 3286 752 3350 solum
785 3286 937 3352 heredem
970 3309 1040 3353 essa
1071 3289 1102 3352 et

96 3374 325 3439 condemnatus
351 3376 408 3438 est.
442 3375 615 3457 quaerebat
639 3379 737 3457 actor,
761 3396 833 3440 cum
857 3377 928 3460 ipse
947 3376 1101 3443 solvendo

96 3483 161 3527 non
189 3467 286 3548 esset,
315 3483 356 3527 an
383 3464 519 3528 rescisso
549 3461 711 3546 superiore
734 3463 853 3529 iudicio
877 3465 911 3529 in
935 3488 1022 3552 eum,
1049 3463 1101 3549 qui
