2422 3976
94 174 160 241 208
182 180 229 238 IV.
246 185 462 245 VESPASIANI
476 191 551 248 ΤΙΤΙ
564 191 758 248 DOMITIANI
770 190 877 265 Tune.
890 191 988 248 IURIS
1002 193 1109 250 CONS.

95 342 313 415 nundinarum
341 352 453 420 diebus
480 355 550 419 dari
578 356 762 440 stipuletur,
791 356 898 440 primo
921 354 974 420 die
995 359 1111 441 petere

94 449 190 511 posse
215 434 353 505 Sabinus
378 443 432 508 ait.
472 442 630 509 Proculus
655 449 763 510 autem
787 448 819 508 et
842 446 940 509 ceteri
962 444 1110 511 diversae

95 519 227 620 scholae
247 535 404 615 auctores,
423 530 576 618 quamdiu
595 534 646 598 vel
665 535 817 617 exiguum
831 536 960 617 tempus
975 552 1015 599 ex
1028 555 1109 598 nun·

95 605 245 681 dmarum
264 619 370 702 spatio
386 627 577 705 superesset,
594 623 662 707 peti
674 620 784 704 <non>
799 642 896 705 posse
909 623 1109 688 existimant.

120 786 126 800 .
185 704 235 770 19.
259 706 567 795 1141191117.
603 709 693 774 Idem
712 708 771 797 (se.
790 707 1003 798 Papinianus)
1021 711 1109 778 libro

96 795 272 862 vicensimo
313 804 426 864 octavo
460 798 693 875 Quaestionum
725 796 775 886 (P.
798 797 887 885 340).
924 834 963 847 ·-
1002 798 1110 865 Usum

93 875 235 949 fructum
266 887 358 953 mihi
377 892 433 953 aut
459 887 546 953 Titio
578 887 647 952 dari
680 887 856 973 stipulatus
890 910 971 954 sum.
1020 888 1110 954 Titio

96 971 201 1053 capite
225 974 390 1041 deminuto
414 976 551 1042 facultas
576 976 720 1041 solvendi
743 975 829 1041 Titio
848 996 915 1043 non
934 977 1108 1060 intercidit,

96 1059 171 1142 quis
198 1068 231 1128 et
262 1063 308 1131 sic
336 1064 485 1150 stipulari
512 1087 683 1148 possumus
712 1063 805 1131 ‘mihi
832 1070 889 1130 aut
913 1064 1011 1146 uitro,
1035 1088 1109 1133 cum

95 1149 201 1233 capite
228 1155 370 1219 minutus
400 1154 471 1238 erit,
498 1152 594 1238 dari;'
629 1175 706 1219 nam
729 1153 757 1218 si
779 1153 895 1219 furiosi
918 1155 970 1219 vel
991 1152 1110 1240 pupilli

94 1259 236 1321 persona
268 1244 393 1309 adiecta
426 1243 482 1325 sit,
513 1243 561 1306 ita
592 1244 693 1307 tutori
721 1242 771 1308 vel
799 1243 941 1308 curatori
969 1243 1110 1328 pecunia

95 1332 182 1394 recte
211 1332 353 1416 dabitur,
381 1332 409 1395 11
434 1331 630 1396 condicionis
655 1353 779 1415 quoquc
802 1330 987 1415 implendae
1010 1348 1109 1397 cauea

96 1424 183 1483 recte
207 1422 344 1506 pecunia
367 1419 468 1485 tutori
490 1420 542 1485 rel
565 1420 706 1485 curatori
728 1420 832 1485 datur.
868 1419 954 1504 quod
978 1422 1109 1504 quidem

95 1503 204 1573 Labeo
241 1514 273 1573 et
306 1509 447 1592 Pegasus
481 1511 677 1592 putaverunt
707 1508 860 1573 utilitatis
892 1530 992 1574 causa
1023 1509 1105 1578 reci-

95 1595 254 1678 piendum.

444 1685 494 1751 De
514 1686 641 1769 negotiis
660 1687 761 1769 pestis.

184 1792 236 1856 20.
268 1791 306 1856 D.
326 1793 357 1877 3,
375 1792 405 1870 5,
425 1792 475 1856 17.
525 1791 644 1856 Paulus
672 1792 754 1856 libro
782 1813 869 1857 nono
897 1792 937 1857 ad
965 1792 1106 1858 edictum

98 1878 145 1964 (P.
166 1878 253 1967 190).
279 1917 317 1927 -
343 1880 498 1946 Proculus
527 1884 560 1944 et
581 1880 726 1965 Pegasus
754 1881 874 1946 bonam
900 1880 998 1946 fidem
1026 1903 1106 1963 eum,

97 1970 152 2053 qui
175 1969 209 2033 in
233 1969 388 2034 servitute
411 1990 523 2054 gerere
543 1971 658 2053 coepit,
680 1974 847 2054 praestare
866 1969 984 2034 debere
1004 1971 1105 2054 aiunt3

96 2058 231 2143 ideoque
256 2061 426 2144 quantum,
450 2057 478 2122 si
501 2057 583 2122 alius
607 2059 674 2122 eius
698 2058 830 2142 negotia
853 2058 1020 2143 gessisset,
1043 2080 1103 2125 ser-

96 2168 172 2212 vare
200 2149 374 2231 potuisset,
407 2152 535 2212 tantum
564 2169 650 2229 eum,
682 2147 737 2231 qui
765 2169 783 2210 a
811 2150 913 2211 semet
940 2147 1014 2232 ipso
1041 2167 1102 2211 non

99 2237 253 2320 exegerit,
281 2236 487 2320 negotiorum
515 2239 677 2319 gestorum
706 2235 831 2299 actione
857 2239 1101 2318 praestaturum,

99 2325 126 2388 si
157 2324 277 2409 aliquid
305 2324 419 2388 habuit
446 2325 478 2388 in
502 2324 641 2407 peculio,
669 2324 758 2388 cuius
781 2325 962 2389 retentione
986 2325 1019 2390 id
1043 2345 1100 2390 ser·

95 2415 163 2478 rari
187 2411 320 2498 potuitl.

503 2501 552 2566 De
568 2501 697 2583 peculio.

184 2610 237 2672 21.
260 2607 298 2672 D.
315 2608 365 2688 15,
382 2609 409 2690 l,
424 2608 468 2673 30
474 2629 522 2690 pr.
553 2606 713 2690 Ulpianus
728 2606 813 2671 libro
828 2607 1007 2676 vicensimo
1021 2628 1097 2674 nono

97 2697 137 2761 ad
157 2697 295 2761 edietum
316 2695 365 2782 (P.
381 2693 470 2782 861).
488 2733 532 2742 -
551 2695 739 2772 Quaesitum
759 2699 818 2778 est,
837 2717 878 2759 an
897 2702 1008 2763 teneat
1022 2695 1095 2762 actio

97 2785 135 2848 de
158 2785 297 2867 peculio,
323 2785 450 2848 etiamsi
473 2785 555 2849 nihil
580 2785 678 2849 sitin
701 2783 825 2867 peculio
850 2806 923 2850 eum
947 2791 1095 2874 ageretur,

97 2873 125 2937 11
155 2872 251 2938 modo
280 2873 323 2937 sit
349 2873 397 2937 rei
425 2873 583 2937 iudicatae
611 2878 765 2955 tempore.
810 2871 968 2940 Proculus
997 2880 1029 2941 11
1048 2873 1094 2938 Pe

98 2983 193 3046 gasus
230 2962 331 3026 nihilo
368 2963 475 3026 minus
511 2959 635 3026 tenerc²
673 2961 763 3025 aiunt
796 2961 990 3042 [intenditur
1021 2962 1092 3028 enin

96 3053 192 3132 recte,
216 3050 344 3114 etiamsi
367 3051 449 3114 nihil
473 3051 573 3115 sitin
596 3051 747 3135 peculio].
792 3051 878 3115 idem
903 3056 936 3116 et
959 3045 1091 3119 0111111

99 3139 313 3203 exhibendum
337 3144 369 3204 et
391 3139 427 3202 in
450 3161 518 3204 rem
542 3139 699 3204 actionem
723 3138 857 3221 placuit.
894 3178 895 3182 =

184 3233 253 3309 Ulp.
274 3232 358 3292 addit
381 3227 470 3308 ‘quae
495 3234 644 3293 sententia
667 3235 697 3291 11
720 3250 738 3290 1
760 3232 846 3291 nobis
868 3234 1023 3308 probanda
1038 3219 1091 3301 ert,

96 3321 141 3380 ita
158 3325 194 3381 ut
213 3322 352 3381 extremis
372 3321 471 3381 verbis
490 3323 610 3383 Proculi
629 3325 660 3380 et
673 3320 781 3398 Pegasi
801 3322 952 3381 sententia
969 3322 1091 3384 videatur

97 3411 227 3471 subesse.

169 3561 252 3616 1Fz.
270 3562 372 3631 potest.
463 3562 548 3618 aar.
568 3561 664 3616 teneri.
794 3552 836 3641 J
