2422 3976
354 185 379 235 t.
402 178 612 237 IAVOLENUS
632 177 781 238 Pnlsccs
1010 182 1075 248 395

67 348 184 430 offonis
206 350 334 425 quartas
351 347 476 410 Flaviae
499 341 533 431 (i
548 369 573 409 e.
592 350 624 408 in
641 342 777 432 Moesia),
801 351 922 428 legatus
944 351 1073 429 legionis

67 439 164 500 ertias
188 437 348 516 Augustae
371 429 405 517 (i
425 457 450 499 e.
468 438 500 497 in
518 433 645 517 Africa),
667 440 787 516 legatus
810 439 943 517 Augusti
966 459 1009 516 pr.
1029 461 1074 518 pr.

67 522 222 591 exercitus
240 519 390 608 Africani)
414 546 440 587 a.
456 529 507 604 83,
530 527 673 587 iuridicus
695 528 866 603 provinciae
888 529 1074 603 Britanniae,

67 617 160 679 onsul
184 616 250 676 suff.
274 616 346 676 anni
371 616 494 693 incarti,
516 617 618 692 paullo
641 622 711 694 post
734 636 761 679 a.
776 619 817 678 83
840 619 929 694 puto,
952 618 1073 694 legatus

67 706 222 769 onsularis
243 704 416 782 provinciae
440 703 619 765 Germaniae
643 707 805 781 superioris
829 726 854 767 a
871 709 926 781 90,
955 707 1074 784 legatus

67 795 221 857 cremans
250 793 368 878 Syriae,
395 795 555 870 proconsul
580 795 750 869 provinciae
772 795 904 868 Africae,
937 795 1074 870 pontifex

67 887 165 946 a106
193 883 242 944 vel
267 886 330 944 107
359 874 440 964 (cla
464 882 523 955 HI,
545 885 630 945 2864
658 901 726 942 cum
753 884 896 944 addendis
921 905 951 960 p.
978 886 1074 946 1062.

67 973 179 1050 lpbem.
212 972 306 1050 epigr.
336 966 375 1051 V,
400 964 542 1053 652sq.),
581 967 623 1031 ‘in
639 978 717 1032 erest
752 974 871 1052 officiis,
908 973 1074 1033 adhibetur

67 1056 210 1141 unsiliis',
235 1062 380 1122 Passenni
397 1061 511 1135 Paulli,
539 1062 687 1137 splendidi
711 1063 820 1138 equitis
838 1063 966 1122 Romani
989 1067 1019 1121 et
1041 1063 1073 1121 in

67 1151 161 1212 »rimis
189 1150 315 1225 eruditi,
343 1150 543 1210 amicissimus
572 1143 664 1228 (Plin.
685 1143 859 1232 ap.6,15),
887 1171 947 1210 non
974 1151 1073 1226 Plinii,

67 1243 89 1300 rt
118 1241 253 1317 videtur,
286 1239 338 1316 qui
367 1258 437 1298 sum
470 1233 590 1299 ‘dubiae
624 1234 774 1299 sanitatis’
809 1259 873 1300 esse
901 1234 1072 1299 iudicavit.l

67 1329 152 1389 Iulius
174 1327 365 1405 Capitolinus
387 1328 562 1389 larclennm
588 1328 637 1390 vel
659 1328 691 1386 in
713 1329 859 1388 Antonini
878 1328 925 1387 Pii
948 1328 1071 1388 consilio

67 1417 148 1477 uisse
180 1417 274 1477 tradit
305 1409 391 1496 (Ant.
419 1415 453 1477 P.
482 1436 506 1476 e.
532 1419 572 1476 12
609 1412 751 1494 ‘ususque
783 1421 830 1477 est
861 1417 936 1477 iuris
965 1416 1071 1493 peritis

67 1505 165 1565 lindio
183 1506 273 1584 Vero,
296 1504 398 1566 Salvio
422 1497 580 1586 (Pulviol)
602 1505 743 1579 Valente,
762 1505 887 1566 Volusio
907 1506 1070 1584 Maeciano,

67 1594 185 1672 lipiano
203 1594 345 1654 Marcello
369 1597 400 1655 ot
418 1587 595 1676 Iavoleno'),
619 1595 713 1654 errori
730 1594 923 1655 tribuendum
941 1595 1069 1654 videtur.

143 1677 296 1743 ‘Libertus
324 1687 360 1743 ut
385 1687 461 1761 puto
489 1683 554 1742 eius
583 1685 616 1742 L.
638 1684 798 1745 Iavolenus
826 1684 964 1744 Phoebus
991 1685 1071 1743 inter

67 1772 204 1832 alatores
236 1771 411 1848 pontificum
443 1776 474 1831 et
500 1773 655 1832 flaminum
683 1792 709 1832 a.
731 1775 793 1832 102
822 1774 879 1850 VI,
899 1775 999 1849 2184,
1020 1777 1070 1834 10.

67 1863 152 1938 2185,
167 1863 196 1921 8.
238 1880 274 1920 ex
296 1861 411 1920 familia
434 1861 499 1921 eius
523 1861 665 1921 videntur
688 1862 721 1924 L.
740 1863 874 1922 Involeni
892 1863 944 1938 VI,
961 1864 1069 1924 19663

67 1952 218 2010 -19665,
244 1951 360 2011 19667.
383 1949 463 2026 XIV,
480 1945 587 2010 2546'.
632 1950 809 2029 Prosopogr.
832 1952 863 2011 ΙΙ
886 1972 914 2026 p.
929 1954 1002 2011 439.

143 2038 212 2098 Gaii
230 2037 327 2098 Cassii
349 2039 477 2098 fortasse
497 2039 619 2098 auditor
637 2031 689 2116 (of.
710 2041 746 2098 D.
761 2042 813 2113 42,
829 2042 858 2115 5,
874 2033 941 2116 28),
964 2043 1070 2114 postea

67 2129 174 2189 obolas
193 2127 374 2187 Sabinianae
395 2128 534 2204 princeps
554 2130 697 2188 successit
716 2127 816 2188 Caelio
837 2127 948 2187 Sabino
968 2120 1069 2207 (Pom-

67 2217 162 2278 ›onius
171 2213 190 2291 ἓ
200 2209 266 2296 53).
281 2236 341 2276 non
349 2216 438 2276 modo
448 2216 495 2275 ius
505 2216 592 2277 civile
603 2207 982 2297 publicsrespondit(Plin.
991 2217 1011 2276 l.
1021 2207 1069 2296 c),

67 2307 104 2367 ad
124 2305 217 2367 etiam
236 2305 322 2364 libris
342 2305 504 2365 scribendis
524 2324 645 2381 operam
659 2305 750 2365 dedit
787 2305 954 2380 composuit
967 2307 1069 2364 antem

67 2415 87 2455 x
115 2394 266 2455 Labeonis
294 2393 378 2453 libris
405 2393 621 2469 posterioribus
649 2395 690 2472 X,
718 2413 752 2453 ex
779 2394 847 2454 Gaii
870 2393 966 2453 Cassii
994 2393 1068 2453 iuris

125 2570 139 2619 1
165 2563 193 2618 G.
212 2562 321 2646 Plinius
340 2563 466 2617 Romano
491 2579 541 2618 suo
564 2581 585 2618 s.
606 2562 739 2618 Mirificae
762 2563 803 2616 rei
825 2580 881 2645 non
901 2560 1066 2629 interfuisti,

67 2651 170 2762 tati
184 2635 340 2761 Vitta
353 2633 474 2775 tta?
487 2631 1067 2774 .ftttttalttttttt,ttttttt

67 2776 173 2845 Prisce,
195 2775 297 2831 iubes'.
334 2777 370 2829 ad
393 2780 447 2830 hoc
476 2774 623 2830 Iavolenus
647 2776 758 2829 Priscus
787 2775 896 2844 (aderat
925 2776 1011 2844 enim,
1035 2776 1068 2830 ut

67 2849 151 2930 trullo
178 2847 375 2930 amicissimus)
403 2847 467 2917 ‘ego
490 2863 556 2902 vero
579 2864 636 2902 non
659 2846 763 2901 iubeo'.
808 2847 901 2915 cogita
924 2845 973 2915 qni
995 2847 1067 2902 risus

67 2936 212 2986 ornanum,
230 2936 279 2987 qur
297 2918 359 2973 roci.

124 2989 205 3056 Quod
223 2989 330 3044 Plinius
349 2987 442 3044 addit:
464 2989 526 3045 ‘Est
544 2987 659 3043 omnino
679 2988 787 3043 Priscus
808 2988 910 3044 dubiae
929 2990 1066 3056 sanitatis,

67 3062 170 3119 itersst
187 3063 283 3116 tamen
301 3060 401 3115 officiis
416 3102 422 3115 .
439 3104 445 3117 .
462 3101 480 3128 .,
505 3077 560 3129 qno
579 3058 669 3124 magis
688 3060 763 3128 quod
782 3062 849 3114 tnnc
868 3061 937 3115 fecit
955 3064 984 3115 et
1002 3059 1067 3114 ridi·

67 3135 145 3190 nlum
176 3135 204 3187 et
230 3131 357 3186 notabile
384 3131 446 3187 fuit.
487 3130 600 3186 interim
623 3130 722 3185 Paullo
750 3130 844 3185 aliena
865 3132 993 3186 deliratio
1016 3129 1067 3183 ali-

67 3206 190 3261 nantnm
207 3203 320 3272 frigoris
339 3201 445 3258 attulit.
477 3204 537 3256 tam
556 3201 677 3256 sollicite
691 3202 850 3257 recitaturis
864 3202 1067 3272 providendum

67 3279 89 3334 rt
109 3292 169 3330 non
184 3273 274 3330 solum
288 3276 321 3328 nt
334 3273 391 3328 sint
404 3272 459 3344 ipsi
474 3273 536 3328 sani
550 3291 647 3328 verum
662 3272 748 3328 etiam
758 3276 790 3328 ut
799 3289 883 3328 sanos
893 3271 1067 3339 adhibeant’,

67 3349 144 3407 rinus
164 3344 267 3400 dubiae
286 3345 415 3400 sanitatis
434 3344 515 3399 illum
533 3343 619 3400 fuisse
638 3346 785 3413 probatur,
804 3361 888 3414 quam
906 3343 990 3397 illud:
1009 3341 1064 3397 Pli-

67 3421 130 3475 ium
157 3413 268 3472 homini
294 3415 491 3471 iurisconsulto
519 3416 606 3471 verba
633 3416 678 3470 vel
701 3414 801 3470 alienis
824 3416 907 3469 rebus
931 3413 1066 3468 distracto

67 3495 148 3560 lapsa
168 3486 214 3542 vel
233 3487 370 3556 consulto,
391 3487 440 3541 sed
458 3484 515 3542 ioci
533 3502 618 3542 causa
636 3486 724 3540 effusa
738 3486 807 3541 satis
820 3486 943 3553 maligne
958 3485 1067 3540 crimini

67 3561 178 3620 artisss.
