2422 3976
168 180 204 237 V.
224 181 323 248 QUOD
344 179 512 236 ‘DICITUR'
532 179 603 235 VEL
624 178 759 235 ‘vulso
776 178 944 234 DIGITUR’.
1000 178 1065 242 591

411 351 462 417 De
484 353 545 435 lepe
566 352 706 433 Aquilio.

142 447 196 542 10.
218 475 258 542 D.
282 477 312 561 9,
335 478 365 560 2,
394 476 434 542 51
463 498 511 561 pr.
556 475 699 540 Iulianus
727 475 811 540 libro
845 475 1068 558 octogensimo
1197 558 1200 563 .

58 568 146 631 sexto
177 564 395 651 Digestorum.
428 603 466 610 -
576 565 730 630 occidisse
758 564 855 629 dicito
884 565 981 648 vulgo
1014 614 1067 648 ..‚

58 655 109 738 qni
129 657 245 719 mortis
264 676 395 719 oausam
418 655 564 738 quolibet
584 653 679 717 modo
698 653 855 737 praebuit.

146 744 198 808 11.
220 742 261 807 D.
276 743 305 824 9,
321 743 351 825 2,
366 744 441 827 8pr.
479 741 579 806 Gaius
602 742 686 806 libro
706 742 844 825 septimo
868 742 907 805 ad
927 742 1068 805 edictum

56 830 263 915 provinciale.
297 867 335 877 -
367 830 544 895 Mulionem
567 880 620 914 ..,
647 831 673 893 si
700 853 758 914 per
784 829 980 915 imperitiam
1008 831 1068 894 im·

54 924 168 1004 petum
189 919 351 985 mularum
374 918 511 984 retinere
534 941 599 983 non
621 921 772 1003 potuerit,
797 919 825 983 si
849 940 903 982 eae
928 920 1069 983 alienum

55 1009 220 1074 hominem
256 1008 461 1093 obtriverint,
498 1008 596 1091 vulgo
635 1008 751 1073 dicitur
789 1008 901 1093 culpae
938 1009 1069 1072 nomine

54 1097 166 1163 teneri.
203 1097 289 1162 idem
312 1096 437 1179 dicitur,
461 1101 494 1161 et
517 1097 545 1160 si
567 1100 701 1179 propter
723 1096 947 1160 infirmitatem
973 1095 1068 1159 susti-

54 1206 130 1251 nere
154 1184 315 1250 mularum
339 1186 494 1268 impetum
517 1206 582 1249 non
605 1186 755 1268 potuerit.

431 1360 482 1426 De
500 1362 691 1426 condictione.

10 1468 12 1473 ¹
146 1478 196 1544 12.
223 1475 263 1542 D.
295 1478 345 1555 14,
373 1478 402 1561 6,
425 1479 456 1540 4.
502 1475 656 1542 Scaevola
687 1477 770 1540 libro
800 1476 939 1541 secundo
969 1474 1070 1551 Quae·

55 1565 208 1632 stionnm.
230 1602 275 1613 —
374 1566 471 1650 vulgo
497 1566 614 1630 dicitur
636 1565 704 1629 filio
727 1564 868 1629 familias
893 1565 978 1629 credi
1002 1586 1069 1629 non
1106 1639 1107 1642 Ἴ

56 1654 162 1721 licere.

341 1741 391 1808 De
412 1743 571 1808 verborum
593 1741 782 1825 oblipatiooe.

146 1858 197 1924 13.
220 1856 260 1923 D.
285 1859 314 1942 l,
340 1860 367 1942 1,
390 1858 443 1941 25,
462 1860 490 1923 6.
524 1856 683 1942 Ulpianus
703 1857 786 1922 libro
807 1861 921 1922 octavo
946 1857 1069 1922 decimo

54 1946 95 2013 ad
114 1944 280 2013 Sabinum.
305 1983 347 1992 —-
367 1996 373 2010 .
390 1999 395 2011 .
414 1947 448 2010 in
468 1946 591 2011 duobus
611 1947 715 2011 bonae
733 1947 808 2010 fidei
827 1946 1069 2032 possessoribus

54 2035 118 2102 hoc
149 2085 184 2100 ..
213 2035 298 2120 apud
326 2033 516 2100 Scaevolum
549 2035 708 2120 agitatum
828 2040 860 2099 et
893 2036 938 2099 ait
969 2036 1068 2119 volgo

56 2123 215 2191 creditum
237 2126 458 2208 rationemque
481 2124 542 2189 hoc
565 2124 679 2206 facere,
702 2128 739 2187 ut
762 2124 789 2187 si
813 2147 852 2188 ex
875 2145 909 2186 re
936 2124 1068 2188 alterius

56 2213 230 2297 stipuletur
249 2220 306 2298 (sc.
321 2209 455 2298 servus),
474 2217 597 2293 partem
616 2213 645 2276 ei
664 2213 834 2276 dumtaxat
852 2213 972 2296 quaeri,
994 2235 1069 2297 par·

55 2306 123 2367 tem
146 2301 287 2368 domino.

145 2395 368 2472 of.n.41,1,
394 2398 444 2476 23,
469 2398 498 2455 3.

146 2480 198 2544 14.
220 2477 261 2543 D.
283 2478 336 2562 46,
363 2482 390 2563 1,
414 2481 466 2564 70,
489 2479 518 2544 5.
565 2477 664 2543 Gaius
687 2478 771 2542 libro
799 2477 903 2561 primo
927 2478 965 2542 de
988 2476 1068 2542 Ver·

56 2569 173 2634 borum
197 2567 468 2651 Obligationibus
495 2604 532 2613 —
559 2615 593 2632 ..
616 2568 713 2650 volgo
743 2566 864 2630 dictum
892 2570 941 2629 est
972 2567 1068 2629 male-

54 2656 203 2723 ficiorum
225 2655 447 2721 fideiussorem
471 2655 574 2739 accipi
596 2679 660 2721 non
685 2676 788 2738 posse.

149 2744 200 2810 15.
222 2744 262 2808 D.
285 2744 338 2826 46,
361 2746 391 2827 3,
415 2745 468 2826 95,
491 2746 520 2809 3.
556 2743 647 2808 Idem
671 2741 727 2827 (sc.
750 2738 962 2827 Papinianus)
984 2742 1069 2808 libro

57 2833 234 2901 vicensimo
266 2840 380 2899 octavo
411 2832 650 2908 Quaestionum.
672 2869 717 2880 —
740 2881 774 2898 ..
802 2833 898 2915 volgo
930 2833 1071 2896 iactatur

55 2922 279 2987 fideiussorem
303 2922 357 3005 qui
382 2922 520 2987 debitori
543 2922 634 2986 heres
658 2921 780 3004 extiti,
808 2941 846 2983 ex
870 2942 968 2984 causa
990 2920 1069 2985 fide-

57 3011 213 3077 iussionis
236 3011 378 3074 liberari.

117 3199 120 3203 -
387 3152 437 3217 De
459 3154 582 3218 iunctis
601 3153 741 3234 privatis.

148 3269 199 3334 16.
232 3266 303 3332 Gai.
336 3269 366 3353 4,
400 3269 472 3332 104.
508 3305 545 3313 -
663 3267 760 3350 vulgo
794 3267 919 3350 dicitur,
950 3287 966 3328 e
998 3267 1069 3349 lege

55 3357 140 3423 Iulia
163 3359 255 3421 litem
280 3379 364 3422 anno
388 3361 420 3421 et
444 3378 498 3419 sex
520 3355 683 3419 mensibus
707 3355 798 3418 mori.

150 3447 201 3511 17.
229 3444 300 3511 Gai.
323 3446 357 3527 4,
382 3446 454 3509 114.
478 3480 519 3489 -
618 3444 716 3528 vulgo
740 3442 863 3527 dicitur,
894 3441 1013 3507 Sabino
1038 3445 1070 3506 et

58 3533 173 3602 Cassio
196 3534 324 3618 plaeere
348 3534 455 3598 omnia
478 3533 595 3597 iudicia
619 3533 817 3598 absolutoria
841 3554 918 3597 esse.
