2422 3976
92 196 159 260 412
197 194 230 249 V.
249 193 400 250 NERVAE
419 192 466 248 ET
484 191 638 249 TRAIANI
656 192 762 249 ΤΕΜΡ.
781 192 878 249 IURIS
897 191 1075 249 CONSULTI

96 360 167 424 liter
195 359 291 441 lepato
314 356 453 422 Stichum
476 358 640 422 tradiderit
662 359 746 439 isque
766 378 788 422 a
811 362 838 421 u
860 357 1098 439 eumerium,

92 467 180 530 posse
212 453 239 512 te
270 467 307 511 eu
339 450 513 511 testamento
544 467 632 528 opere
658 445 760 510 Labeo
790 445 910 528 sorabit,
941 447 1016 528 quia
1044 464 1097 510 non

94 537 217 601 videtur
242 535 327 600 bores
354 536 483 618 dedisse,
512 537 593 617 qnod
618 535 664 600 ita
690 536 824 616 dederat,
850 539 888 599 ut
912 533 1021 599 babere
1045 551 1096 599 non

90 625 210 707 possis,·
238 628 267 688 et
292 624 346 688 boa
370 645 475 689 uerum
499 629 582 705 puto.
627 624 680 689 sed
704 623 759 688 boo
785 624 922 706 amplius
944 624 993 688 ait
1008 623 1096 688 aum

96 718 137 796 te,
163 714 351 794 priusquam
388 714 537 777 iudicium
568 713 751 794 accipiatur,
782 713 968 778 denuntiare
992 711 1094 787 benedi

97 822 175 867 nam
197 802 226 867 si
247 801 338 866 aliter
358 802 475 883 seceris,
498 803 601 884 apenti
622 821 660 866 ea
679 805 853 866 testamento
871 807 1036 884 opponam
1051 798 1094 864 tibi

97 891 161 956 doli
183 891 262 955 mali
283 891 423 971 exceptio.

186 978 237 1043 34.
262 977 300 1042 D.
315 978 391 1044 ibid.
406 981 426 1059 §
440 978 470 1041 4.
493 1014 538 1024 -
560 977 610 1043 ‘Si
627 976 752 1042 Stiobus
771 983 800 1042 et
817 976 927 1042 Dama
949 978 1027 1044 servi
1045 973 1092 1042 nui

95 1069 130 1132 in
145 1071 291 1149 potestate
313 1087 382 1131 meo
407 1070 498 1131 munt
514 1087 584 1131 eum
597 1067 725 1149 moriar,
743 1071 808 1131 tum
821 1066 946 1133 Sttalus
963 1072 992 1132 et
1003 1065 1092 1131 Dona

97 1156 186 1221 liberi
212 1161 302 1221 sunto
330 1160 358 1220 et
382 1154 517 1234 fundum
539 1155 629 1219 illum
651 1155 712 1220 sabi
732 1154 881 1219 habento?
927 1155 958 1221 si
979 1155 1090 1220 alterum

96 1265 134 1310 ea
160 1244 210 1309 bis
231 1248 305 1327 post
331 1249 542 1309 testamentum
569 1243 688 1323 factum
714 1245 857 1309 dominus
880 1244 1040 1310 alienasset
1057 1237 1091 1306 orl
1127 1312 1130 1335 Ι

96 1335 340 1414 manumisisset,
371 1338 515 1397 neutrum
546 1332 676 1397 liberum
704 1333 848 1413 futurum
879 1333 983 1398 Labeo
1006 1331 1090 1415 putat
1126 1382 1130 1417 ,

95 1423 148 1488 sed
177 1422 293 1487 Tubero
323 1441 392 1485 eum
422 1423 477 1503 qui
506 1423 703 1487 remansisset
729 1422 764 1485 in
784 1425 950 1504 potestate,
982 1421 1090 1486 libemn
1128 1482 1130 1489 .

94 1510 239 1591 futurum
261 1516 290 1575 et
311 1511 443 1592 lepateun
465 1510 644 1574 habiturum
661 1515 761 1592 putat.
805 1509 975 1575 Tuberonis
992 1511 1090 1575 senten-
1127 1542 1130 1595 3

97 1601 176 1663 tiam
199 1600 351 1664 uoluntati
372 1599 508 1678 defuncti
529 1600 630 1682 mopis
648 1603 724 1681 puto
745 1600 912 1665 conuenire.
1128 1602 1130 1617 ²

458 1790 505 1849 De
521 1791 636 1864 peculio
659 1791 757 1865 leputo.
1127 1828 1130 1851 ,

187 1908 238 1974 35.
262 1907 301 1972 D.
316 1909 367 1991 33,
383 1909 412 1991 8,
426 1909 469 1973 22
484 1931 530 1992 pr.
572 1908 682 1974 Labeo
705 1909 790 1974 libro
814 1909 953 1974 secundo
972 1902 1090 1994 posteri·
1127 1928 1130 2009 j

100 2018 192 2061 orum
221 2019 240 2061 a
267 1995 420 2062 Iauoleno
449 1999 710 2080 epitomatorum.
738 2033 780 2044 —·
809 1996 968 2064 Dominus
989 2012 1090 2062 sernum
1128 2016 1130 2089 ξ

99 2090 273 2152 testamento
290 2087 515 2150 manumiserat
532 2091 560 2150 et
572 2088 601 2150 ei
611 2087 763 2168 peantium
778 2087 949 2168 lepauerat,·
967 2088 994 2152 is
1006 2098 1091 2151 sunit
1128 2110 1130 2119 ·

98 2176 183 2240 mille
205 2195 345 2239 nummos
368 2176 492 2239 domino
515 2175 658 2240 debuerat
679 2181 708 2240 et
728 2196 777 2239 eos
798 2175 901 2240 beredi
922 2176 1016 2241 soluit.
1054 2189 1090 2234 re

98 2266 209 2345 spondi
245 2284 347 2328 omues
383 2285 435 2328 eas
471 2263 689 2346 (peculiarest)
720 2285 768 2328 res
798 2265 899 2329 deberi
930 2266 1041 2345 muno,
1069 2256 1091 2322 si

94 2353 264 2435 peeuuiam
287 2354 411 2416 oreiuus
433 2374 526 2433 arcam
549 2354 692 2416 debuerat
712 2353 853 2418 solvisset.

188 2442 239 2506 36.
269 2440 306 2504 D.
326 2441 401 2505 ibid.
421 2444 440 2520 ἐ
457 2443 485 2506 1.
509 2478 551 2488 —-
575 2441 731 2506 Dominus
752 2462 886 2526 seruum,
909 2444 964 2524 aui
985 2460 1048 2506 oum
1066 2454 1090 2499 eo

99 2531 251 2595 olearium
282 2550 471 2594 communem
501 2530 640 2614 babebat,
678 2535 853 2595 testamento
885 2524 1091 2596 manumiseral

99 2624 128 2682 et
152 2619 310 2700 peculium
341 2620 370 2682 ei
402 2619 564 2700 depaverat,
596 2620 703 2683 deiude
731 2620 834 2700 ipsum
861 2622 1022 2701 olearium,
1050 2610 1090 2695 qul

99 2708 270 2771 communis
292 2712 369 2788 erat,
397 2709 583 2771 nominatim
605 2712 634 2772 et
654 2708 716 2789 ipsi
738 2713 767 2771 et
789 2707 914 2773 libertae
936 2729 1009 2774 suae
1029 2706 1089 2785 leol-

99 2800 191 2858 aerat.
228 2797 372 2877 respondi
378 2800 501 2877 partem
515 2801 659 2878 quartam
676 2796 806 2877 libertae,
825 2797 978 2878 reliquam
988 2798 1090 2878 partem

100 2881 282 2966 [quartam]
306 2885 405 2949 liberti
425 2884 584 2963 fulturam·
607 2886 689 2967 quod
709 2892 738 2948 et
761 2885 933 2951 Trebatius.

462 3076 508 3134 De
530 3076 622 3149 fundo
645 3077 742 3150 leonto.

189 3194 239 3258 37.
269 3192 305 3256 D.
325 3194 376 3277 35,
399 3195 496 3276 1‚40,
517 3196 543 3259 1.
594 3193 685 3259 Idem
718 3192 774 3281 (se.
804 3194 991 3282 Iavolenus)
1020 3192 1088 3256 libro

100 3281 240 3346 secundo
278 3304 315 3346 ex
352 3285 585 3367 posterioribus
617 3282 785 3348 Labeonis.
822 3320 860 3330 -
897 3286 1027 3366 Quidam
1055 3279 1088 3342 ll!

100 3371 266 3452 lepaoerat:
304 3369 344 3436 ‘si
380 3372 512 3437 Publius
545 3370 704 3437 Cornelius
742 3373 916 3454 impensam
951 3393 1039 3456 quau
1063 3366 1088 3428 lb

98 3458 233 3537 fundum
266 3458 415 3524 Seianum
445 3461 517 3542 feei,
548 3460 650 3525 borodi
681 3481 746 3525 meo
776 3463 904 3543 dederit,
937 3468 1000 3527 tum
1024 3460 1088 3523 buu

99 3567 184 3610 meus
205 3548 316 3613 Publio
335 3548 474 3614 Cornelio
495 3550 630 3629 fundum
645 3548 796 3614 Seianum
813 3551 907 3616 dato'.
947 3545 1087 3616 Oosulliu
