2422 3976
244 188 280 246 II.
297 188 538 246 monstrorum
556 189 782 245 SENTENTIAE
802 190 848 244 ΕΤ
865 191 970 246 LIBRI.
1048 192 1111 255 1147

520 368 570 436 De
592 372 700 436 1111111.

192 496 245 561 82.
273 493 343 560 Gai
359 496 480 579 1,184.
512 531 550 543 -
580 493 666 559 Olim
696 516 768 560 eum
795 496 879 579 legis
906 496 1049 561 actiones
1077 499 1111 562 in

102 606 165 648 usu
189 586 291 662 erant,
316 584 415 648 etiam
439 606 477 647 ex
500 583 557 647 illa
580 605 676 647 causa
697 587 786 648 tutor
809 584 954 663 dabatur,
978 586 1004 648 si
1028 586 1111 651 inter

100 676 246 739 tutorem
264 678 298 737 et
314 673 481 736 mulierem
498 671 698 756 pupillumve
717 673 787 757 lege
807 674 963 757 agendum
984 682 1053 738 erat

100 762 159 827 sed
186 765 264 845 post
292 761 436 826 sublatas
458 761 541 846 legis
565 761 707 825 actiones
730 760 860 846 quidam
888 765 1005 846 putant
1027 762 1111 828 hanc

101 848 245 934 speciem
264 848 361 913 dandi
379 851 497 914 tutoris
515 850 549 912 in
568 871 629 912 usu
652 869 722 913 esse
741 849 882 915 desiisse.
910 851 982 915 aliis
1001 854 1110 915 autem

99 940 211 1023 placet
237 938 342 1003 adhuc
363 937 397 1002 in
420 958 586 1019 1111111,
615 938 643 1001 si
669 938 815 1022 legitimo
842 938 960 1003 iudicio
985 944 1110 1024 agatur.

191 1036 244 1102 83.
267 1034 338 1100 Gai.
355 1036 471 1119 1,188.
495 1071 539 1081 -
637 1040 771 1118 apparet
794 1041 873 1120 quot
896 1037 961 1100 sint
987 1038 1109 1122 species

99 1125 287 1190 tutelarum.
338 1125 365 1188 si
397 1145 473 1189 1110
501 1146 706 1209 quaeramus,
736 1123 770 1187 in
798 1129 877 1208 quot
903 1145 1022 1210 genera
1048 1126 1110 1190 hae

101 1214 229 1298 species
258 1212 460 1295 diducuntur,
487 1213 586 1298 longa
613 1211 675 1277 erit
702 1212 879 1296 disputatio
976 1214 1033 1278 alii
1060 1220 1110 1280 tot

101 1323 225 1388 genera
247 1322 316 1366 esse
339 1301 551 1384 crediderunt,
574 1304 653 1385 quot
676 1303 775 1365 etiam
798 1303 919 1385 species
943 1307 1058 1367 essent.

191 1399 243 1464 84.
258 1397 327 1465 Gai.
339 1400 368 1481 1,
380 1399 451 1463 172.
469 1435 507 1445 -
525 1449 531 1462 .
545 1448 552 1464 .
566 1398 749 1464 fiduciarius
765 1421 890 1484 quoque
902 1398 1107 1486 (11.1110111)

100 1487 235 1574 quidam
263 1492 458 1571 putaverunt
485 1487 643 1552 cedendas
670 1488 791 1552 tutelae
818 1488 869 1552 ius
892 1509 958 1552 non
981 1489 1108 1571 habere,

99 1599 175 1644 cum
198 1576 262 1660 ipsi
286 1597 319 1640 se
343 1577 434 1641 oneri
457 1575 658 1641 subiecerint.
1129 1607 1130 1610 ¹

190 1672 243 1739 85.
266 1670 305 1737 D.
319 1674 375 1756 26,
391 1675 408 1738 1
415 1722 424 1756 ,
440 1674 473 1756 1,
487 1675 517 1739 3.
552 1670 672 1737 Paulus
695 1673 779 1737 libro
803 1675 971 1759 trigesimo
994 1679 1107 1740 octavo

99 1762 142 1829 ad
166 1762 376 1828 11111111.-
398 1760 535 1826 Surdum
557 1783 623 1827 101
646 1783 742 1845 posse
766 1762 836 1826 dari
854 1770 995 1828 tutorem
1013 1764 1107 1848 pleri·

98 1873 163 1937 qne
186 1851 408 1935 ...probant
427 1850 503 1934 quia
522 1873 587 1915 non
605 1855 733 1915 tantum
752 1851 850 1936 loqui,
873 1852 928 1916 sed
948 1858 980 1916 et
999 1853 1106 1917 audire

97 1942 192 2005 tutor
215 1939 317 2004 debet.

190 2028 242 2094 86.
266 2028 305 2091 D.
318 2028 371 2109 26,
384 2029 415 2105 4,
429 2026 459 2110 5,
477 2028 503 2092 1.
538 2025 697 2112 Ulpianus
713 2028 795 2093 libro
810 2027 977 2113 trigesimo
993 2030 1106 2112 quinto

98 2116 139 2183 sd
167 2116 317 2181 edictum.
344 2152 388 2162 -
420 2164 455 2179 ..
483 2117 580 2180 etiam
607 2115 668 2180 hos
696 2113 754 2201 (11.
780 2117 941 2200 legitimos
968 2114 1106 2204 tutores)

97 2206 174 2291 cogi
201 2204 353 2270 satisdari
377 2207 501 2270 certum
525 2208 588 2286 est,
610 2204 644 2268 in
668 2207 796 2267 tantum
819 2210 855 2268 11
879 2206 976 2268 etiam
999 2210 1107 2290 patro·

97 2317 179 2361 num
198 2298 232 2358 11
249 2293 378 2379 patroni
396 2292 499 2357 filium
518 2298 705 2376 ceterosque
724 2294 842 2358 liberos
861 2294 928 2358 eius
948 2295 1020 2376 cogi
1038 2316 1106 2358 rem

99 2383 227 2449 salvam
248 2383 317 2447 fore
342 2384 421 2446 satis
446 2382 520 2446 dare
545 2382 705 2466 plerisque
728 2382 883 2446 videatur.

188 2480 241 2545 81.
264 2478 301 2545 D.
314 2479 366 2561 27,
376 2479 405 2562 3,
415 2479 444 2543 5.
475 2478 633 2564 Ulpianus
649 2480 732 2544 libro
747 2479 993 2565 quadragesimo
1008 2481 1105 2546 tertio

98 2568 139 2634 ad
162 2566 329 2634 Sabinum.
346 2604 391 2615 -
414 2564 449 2631 si
475 2572 564 2632 tutor
591 2589 659 2632 rem
683 2567 743 2631 sibi
768 2568 946 2652 depositam
971 2590 989 2632 a
1012 2572 1105 2651 patre

96 2656 216 2742 pupilli
245 2656 296 2720 111
328 2655 563 2721 commodatam
596 2652 744 2741 (fiduciae
772 2656 834 2721 sibi
865 2653 1010 2742 datam?)
1038 2678 1104 2721 101

96 2744 221 2826 reddat,
239 2765 305 2809 non
323 2749 451 2808 tantum
469 2745 664 2809 commodati
683 2747 732 2809 111
755 2745 894 2828 depositi
912 2743 1104 2832 (1111111111),

95 2855 209 2900 verum
237 2832 358 2897 tutelae
386 2855 511 2916 quoque
538 2837 674 2897 tenetur.
724 2839 757 2898 et
780 2834 808 2897 si
831 2835 989 2916 acceperit
1011 2856 1104 2917 pecu-

95 2922 201 3005 niam,
223 2925 261 2985 ut
282 2920 409 3002 reddat,
431 2922 590 3004 plerisque
614 2921 744 3006 placuit,
767 2943 838 2985 eam
861 2922 1029 3004 pecuniam
1053 2925 1103 2987 vel

96 3010 238 3096 depositi
265 3009 316 3073 vel
344 3010 539 3075 commodati
567 3007 750 3097 (1111111111)
780 3009 905 3075 1111011
928 3011 1029 3094 repeti
1052 3010 1103 3075 vel

95 3098 223 3165 cundici
243 3118 349 3184 posse.

186 3186 252 3253 88?
279 3184 385 3271 Me,
401 3186 474 3270 7,9,
489 3187 518 3250 1.
551 3186 638 3251 Idem
663 3183 721 3272 (sc.
744 3185 916 3271 Ulpianus)
939 3187 1023 3252 libro
1047 3187 1102 3252 111-

96 3276 221 3360 gesimo
249 3280 340 3340 sexto
368 3274 408 3339 ad
436 3275 583 3339 edictum.
610 3312 646 3322 -
673 3273 707 3339 81
734 3279 824 3359 pater
851 3275 992 3340 familias
1021 3298 1102 3358 eum,

95 3385 156 3448 pro
185 3386 249 3448 quo
276 3363 448 3447 fideiussit,
479 3367 619 3428 tutorem
648 3362 770 3446 dederit
796 3363 864 3428 filio
893 3385 964 3448 sue,
995 3363 1101 3428 officio

95 3452 215 3518 tutoris
247 3453 408 3536 convenit,
440 3456 476 3517 ut
508 3474 580 3516 cum
611 3451 677 3517 dies
707 3453 860 3535 pecuniae
891 3452 1101 3536 praeterierit,

96 3541 250 3607 creditori
279 3540 421 3606 debitum
453 3543 557 3606 solvat
656 3541 740 3625 quod
764 3541 791 3604 si
813 3541 847 3604 in
871 3540 957 3606 diem
978 3541 1108 3604 debitor

845 3646 901 3698 81)*
