2422 3976
145 184 187 248 48
215 184 262 238 IH.
278 183 354 238 GAII
368 183 516 238 CLAUDII
526 184 551 237 N
554 183 661 238 ERON.
672 181 816 237 GALBAE
828 183 936 238 ΤΕΜΡ.
945 183 1043 238 Iulus
1054 183 1161 241 CONS.

144 347 290 431 legatum
309 346 485 412 consistere
504 347 617 430 possit.
654 368 717 429 qua
735 347 861 411 ratione
880 348 979 411 semel
998 368 1038 411 ex
1056 346 1161 413 fundo

143 442 271 519 partem
294 436 376 520 legis
399 434 563 500 Falcidiae
587 436 799 500 decessuram.

231 556 313 615 Haeo
331 557 508 632 sequuntur:
527 550 651 615 ‘Paulus
666 603 672 615 .
688 554 784 615 Cassii
802 555 951 614 sententia
968 556 1087 615 utimur
1104 553 1162 618 ...'

232 646 267 704 of.
291 644 413 704 Pernioe
435 645 464 722 I,
480 646 553 704 394.

355 823 402 881 De
425 824 517 896 faudo
540 840 605 881 eum
627 824 815 881 instrumento
838 823 936 896 lepato.

231 942 284 1006 44.
314 941 352 1005 Ι).
367 943 419 1024 33,
435 943 465 1021 7,
480 942 531 1023 12,
547 941 597 1006 11.
636 939 798 1024 Ulpianus
816 941 901 1004 libro
921 941 1098 1006 vioensimo
1119 943 1162 1006 ad

144 1030 300 1096 Sabinum
324 1029 372 1117 (P.
386 1028 497 1116 2609).
525 1028 637 1093 —Ea
664 1078 707 1109 ..,
735 1050 816 1112 quae
845 1029 915 1094 solo
939 1031 1161 1117 eontinentur,

142 1120 350 1185 instrumenti
373 1118 464 1183 fundi
487 1141 552 1183 non
576 1140 645 1183 esse
669 1115 801 1182 Cassius
825 1118 948 1202 scribit,
975 1119 1079 1183 veluti
1102 1120 1161 1185 ha·

142 1210 312 1274 rundineta
335 1213 367 1272 et
391 1208 517 1293 salieta,
539 1212 714 1291 antequam
733 1228 827 1271 oaesa
845 1207 921 1289 sint,
943 1206 1020 1290 quia
1038 1207 1161 1273 fundus

141 1298 234 1362 fundi
257 1298 508 1363 instrumentum
532 1318 602 1360 esse
625 1317 692 1361 uon
714 1299 832 1379 potest.

230 1387 283 1452 45.
319 1385 359 1450 D.
377 1386 429 1468 33,
450 1387 478 1468 7,
499 1386 549 1468 12,
570 1385 620 1450 13.
670 1383 828 1468 Ulpianus
858 1383 936 1449 ibid.
962 1420 1008 1431 -
1128 1390 1162 1450 et

142 1497 217 1539 aves
245 1476 461 1539 instrumento
485 1475 542 1561 (so.
564 1471 670 1560 fundi)
694 1474 840 1557 exemplo
865 1473 974 1557 apium
998 1474 1161 1539 contineri

142 1562 281 1628 Sabinus
304 1567 336 1626 et
360 1560 492 1626 Cassius
515 1566 718 1646 putaverunt.

231 1683 268 1741 of.
289 1682 325 1741 D.
348 1685 399 1755 33,
420 1686 448 1760 7,
469 1674 508 1741 11
538 1682 696 1741 Iavolenus
725 1682 802 1741 libro
831 1682 960 1741 serundo
983 1700 1019 1740 ex
1043 1680 1159 1744 Cassio.

141 1771 257 1830 Eadem
288 1772 365 1831 ratio
398 1775 445 1830 est
475 1771 507 1828 in
539 1770 658 1847 avibus,
691 1789 767 1846 quae
799 1771 830 1830 iu
861 1770 969 1830 insulis
998 1771 1159 1832 maritimis

141 1861 311 2007 alunllllrim
330 1947 426 2008 Cassii
444 1949 601 2023 sententia,
624 1947 655 2006 id
673 1949 752 2023 quod
766 1949 859 2007 Lenel
877 1968 931 2025 pro
951 1951 1033 2008 certo
1056 1949 1159 2027 habet,

141 2057 160 2096 a
177 2039 318 2098 Iavoleno
341 2039 498 2111 referatur,
520 2037 620 2096 neseio
639 2083 646 2096 .
666 2038 703 2095 de
721 2038 827 2096 avibus
845 2037 955 2115 legatis
974 2055 1073 2097 sermo
1094 2057 1158 2099 esse

140 2130 254 2204 potest,
278 2127 314 2185 do
337 2127 446 2202 quibus
469 2126 552 2185 Paul.
568 2125 596 2185 S.
613 2128 645 2201 3,
662 2128 695 2204 6,
712 2128 761 2186 16.

512 2303 560 2363 De
582 2305 664 2362 domo
686 2305 787 2377 tepula.

229 2423 282 2488 46.
304 2422 343 2488 Ι).
358 2424 410 2503 33,
425 2425 453 2506 7,
472 2424 520 2505 12,
537 2423 588 2488 16.
633 2421 792 2506 Ulpianus
815 2421 892 2488 ibid.
914 2419 966 2507 (P.
980 2421 1094 2509 2610).
1115 2460 1157 2470 —

208 2513 371 2576 sententia
391 2510 495 2576 Cassii
520 2562 544 2575 ..
567 2512 623 2596 qui
646 2511 773 2575 dioebat
795 2510 880 2575 inter
903 2512 1157 2577 instrumentum

141 2604 173 2664 et
209 2604 433 2666 ornamentum
471 2597 530 2687 (so.
561 2596 690 2686 domus)
727 2599 866 2664 multum
901 2600 1070 2684 interesse,
1110 2600 1158 2664 in·

140 2690 312 2753 strumenti
335 2689 421 2753 enim
445 2711 482 2753 ea
505 2710 589 2773 esse,
612 2709 693 2773 quae
718 2688 759 2752 ad
783 2689 919 2752 tutelam
942 2687 1057 2754 domus
1082 2712 1156 2774 per·

139 2778 254 2859 tinent,
277 2777 474 2861 ornamenti,
498 2799 579 2862 quae
603 2777 644 2840 ad
667 2777 878 2862 voluptatem,
904 2777 1000 2841 siouti
1024 2778 1155 2844 tabulas

139 2867 252 2949 pietas.

229 2982 264 3038 of.
282 2978 367 3038 Paul.
387 2978 414 3036 S.
436 2980 464 3052 3,
485 2981 513 3055 6,
533 2978 574 3037 56
677 2997 712 3036 ea
739 2977 848 3053 quibus
877 2977 982 3036 domus
1010 2978 1157 3038 munitior

139 3067 188 3125 vel
210 3068 279 3126 tuta
301 3067 338 3125 ab
362 3066 497 3126 incendio
519 3069 699 3142 praestatur.

228 3187 279 3250 47.
313 3187 351 3250 Ι).
366 3185 442 3250 ibid.
458 3187 477 3264 ᾖ
495 3186 545 3249 17.
569 3221 612 3231 -
635 3183 718 3249 Vela
747 3233 775 3248 ..
802 3183 916 3250 Cilicia
944 3185 1156 3251 instrumenti

139 3296 209 3338 esse
233 3272 379 3356 Cassius,
408 3295 490 3357 quae
517 3273 590 3338 ideo
617 3276 787 3359 parantur,
814 3296 855 3338 ne
883 3273 1030 3339 aedificia
1057 3279 1156 3341 vento

138 3364 190 3427 vel
213 3363 324 3446 pluvia
346 3362 506 3427 laborent.

227 3452 279 3517 48.
305 3451 342 3515 D.
357 3450 433 3515 ibid.
448 3453 530 3531 §20.
554 3487 596 3497 -
619 3451 668 3515 De
691 3450 772 3515 velis
796 3472 876 3535 quae
900 3452 934 3515 in
958 3450 1154 3534 hypaethris

139 3540 367 3624 extenduntur,
394 3541 471 3604 item
501 3539 539 3603 de
562 3541 628 3624 his,
656 3561 739 3625 quae
764 3544 840 3604 sunt
863 3540 947 3604 oiroa
970 3541 1155 3626 columnas,
