2422 3976
445 159 470 207 3.
490 150 706 207 OCTAVDNUS

489 399 540 413 ...
563 353 661 412 libri.

157 479 197 540 cf.
210 478 340 538 Ferrini:
360 477 539 538 Reudiconti
552 478 601 537 del
618 477 692 537 istit.
703 478 805 539 Lomb.
816 480 893 540 serie
903 481 934 540 11
949 482 1006 541 uol.
1016 482 1080 543 XX.

12 589 14 593 ·
68 567 176 628 Libros
214 565 397 627 Octaueuum
437 567 638 642 composuisse
677 568 857 643 Pomponius
900 562 955 650 (D.
979 572 1078 644 30,9

67 651 251 718 ‘Octauenus
283 645 430 736 scripsit’)
463 657 494 714 et
524 654 671 731 Ulpianus
704 650 753 734 (D.
776 659 808 734 9,
832 659 864 735 2,
887 660 941 735 27,
964 661 1015 718 25.
1037 662 1078 720 26

67 739 248 805 ‘Octauenus
276 787 306 804 ..
333 743 426 803 adicit
532 743 612 803 idem
720 737 851 826 scribit’)
875 746 920 804 ita
942 747 1080 822 probant,

65 837 99 893 ut
129 851 227 910 neque
254 851 363 893 nomen
389 851 484 907 neque
512 834 722 909 argumentum
750 837 895 909 appareat
922 853 956 894 ac
982 854 1021 895 ne
1047 836 1080 895 id

65 923 186 999 quidem
210 923 416 996 cognoscatur,
440 925 539 979 utrum
562 922 650 997 plura
673 923 816 996 opuscula
835 941 874 980 an
891 941 985 981 unum
1004 942 1078 1000 opus

63 1010 274 1087 composuerit.
307 1009 343 1068 of.
353 1008 495 1068 Karlouua
508 1009 532 1085 Ι,
543 1012 617 1070 702.
649 1010 728 1085 qnod
748 1010 774 1069 si
787 1030 882 1069 nuum
895 1029 970 1086 opus
983 1012 1077 1073 fnisse

63 1102 251 1175 statuamus,
279 1098 412 1157 eiusdem
438 1097 501 1155 fere
528 1098 560 1155 id
586 1099 703 1175 generis
727 1098 821 1159 fuisse
845 1103 1078 1160 consentaneum

62 1191 117 1263 est,
137 1189 228 1262 atque
245 1185 359 1245 Plautii
378 1177 420 1266 (u.
434 1185 513 1244 infra
531 1206 559 1262 p.
575 1179 664 1267 219),
684 1206 751 1246 cum
769 1206 829 1247 non
847 1188 935 1248 modo
955 1190 990 1249 de
1008 1189 1076 1249 iure

61 1275 158 1349 ciuili,
185 1275 238 1334 sed
265 1275 357 1334 etiam
382 1276 419 1332 de
442 1274 505 1333 iure
528 1276 687 1334 honorario
710 1276 825 1335 dictum
849 1276 897 1336 sit.
943 1282 1089 1337 ceterum‘

59 1364 192 1423 aliorum
213 1364 378 1422 sententias
398 1360 583 1422 Octauenum
600 1364 756 1424 rettulisse
775 1367 805 1424 et
824 1366 1008 1425 examinasse
1028 1367 1076 1426 his

59 1452 135 1512 locis
150 1453 374 1528 comprobatur:
389 1451 425 1509 D.
437 1455 465 1530 7,
479 1454 507 1528 8,
519 1453 569 1530 12,
581 1455 598 1512 6
615 1446 707 1510 ‘idem
720 1455 752 1512 et
761 1450 930 1512 Octauenus
944 1449 1075 1530 probat'.

58 1543 96 1602 fr.
112 1539 233 1600 Dosith.
251 1542 290 1599 12
311 1534 401 1599 ‘sicut
420 1545 451 1598 et
469 1538 639 1600 Octauenus
658 1535 787 1616 probat’.
825 1542 861 1601 D.
877 1545 929 1619 40,
945 1545 972 1613 9,
989 1545 1040 1622 30,
1055 1547 1073 1602 2

59 1623 153 1689 ‘idem
173 1626 344 1689 Octauenus
366 1630 475 1704 probat
497 1633 529 1689 et
551 1621 663 1688 adicit'.
705 1630 740 1688 D.
756 1632 785 1707 9,
801 1633 829 1703 2,
845 1632 897 1705 27,
912 1633 953 1691 25
975 1626 1074 1692 ‘Octa

58 1736 155 1782 uenus
181 1764 231 1777 ...
256 1711 368 1776 adicit'.

408 1863 436 1916 1.
464 1858 515 1917 Ad
538 1859 595 1917 ius
619 1859 732 1918 ciuile.

248 1982 252 1994 ’
318 1967 368 2032 De
389 1967 496 2051 tepetis
518 1972 546 2032 ot
565 1969 816 2048 fideicommissis.

151 2078 179 2139 1.
202 2073 242 2138 D.
253 2075 306 2157 30,
316 2075 346 2138 9.
385 2073 474 2137 Idem
497 2070 554 2161 (sc.
568 2073 779 2158 Pomponius)
803 2076 887 2141 libro
911 2077 1007 2142 tertio
1032 2079 1072 2143 ad

57 2163 216 2230 Sabinum
241 2161 291 2242 (P.
304 2159 395 2248 419).
419 2198 457 2209 -
482 2162 520 2227 Id
545 2162 630 2245 quod
653 2163 737 2245 apud
761 2164 872 2228 hostes
896 2170 946 2230 est
969 2166 1072 2250 legari

55 2275 154 2337 posse
175 2249 357 2316 Octauenus
381 2252 512 2334 scripsit
534 2262 567 2315 et
588 2252 780 2335 postliminii
800 2253 868 2317 iure
888 2255 1071 2320 consistere.

146 2345 184 2404 cf.
200 2345 329 2404 Sabinus
347 2344 382 2403 D.
399 2347 449 2421 30,
466 2347 538 2422 104,
553 2349 581 2403 2.
611 2345 647 2402 de
665 2346 766 2423 legato
781 2365 834 2421 per
848 2347 1071 2407 damnationem

56 2434 202 2510 Sabinus,
226 2430 396 2494 Octauenus
420 2434 456 2492 dc
479 2434 580 2511 legato
602 2452 656 2508 per
678 2433 911 2495 vindicationem
934 2436 985 2494 ait.

146 2527 177 2591 2.
217 2525 256 2589 D.
279 2525 331 2604 36,
356 2525 384 2604 1,
408 2524 449 2589 69
460 2548 507 2608 pr.
561 2525 682 2589 Valens
720 2526 803 2590 libro
836 2527 933 2591 tertio
966 2527 1069 2592 Fidei-

56 2615 305 2682 oommissorum
326 2611 374 2700 (Ρ.
392 2611 456 2700 12).
480 2649 521 2660 -
545 2611 578 2678 Si
601 2615 786 2697 postulante
810 2637 860 2678 me
885 2621 1068 2699 suspectam

56 2704 271 2770 hereditatem
290 2724 328 2766 ex
346 2703 471 2767 decreto
490 2703 650 2785 praetoris
671 2702 787 2766 adieris
806 2725 863 2767 nec
878 2725 937 2787 ego
952 2709 1068 2788 postea

54 2815 129 2858 eam
153 2791 235 2856 mihi
257 2792 386 2855 restitui
409 2791 507 2854 uelim
529 2812 588 2855 nec
611 2792 704 2854 bonis
723 2813 775 2854 me
792 2792 982 2876 immiscere,
1005 2795 1067 2860 hoc

53 2882 125 2946 fieri
144 2879 249 2959 debet,
267 2882 314 2961 ut,
333 2878 418 2963 quod
436 2877 600 2944 Octaueno
681 2878 859 2959 uidebatur,
879 2903 897 2944 a
915 2887 1066 2965 praetore

54 2970 187 3054 perinde
215 2968 360 3033 actiones
382 2969 415 3031 in
439 2967 642 3049 medentur,
670 2989 707 3032 ao
732 2970 757 3030 si
782 2969 994 3036 hereditatem
1017 2994 1066 3036 re·

54 3060 221 3144 cepissem.

143 3151 257 3211 Valens
280 3149 365 3208 addit
386 3143 477 3225 ‘quod
502 3152 549 3208 est
571 3145 699 3208 iustius'.

391 3302 441 3367 De
463 3303 598 3368 libertato
619 3304 731 3369 relicta.

144 3413 174 3477 3.
211 3410 251 3475 D.
269 3412 322 3494 40,
338 3410 369 3488 4,
389 3411 440 3491 61,
459 3411 487 3474 2.
542 3409 738 3495 Pomponius
775 3412 858 3477 libro
894 3410 1062 3476 undecimo

52 3502 277 3587 Epistularum
301 3499 349 3585 (Ρ.
363 3496 453 3587 200).
478 3535 516 3546 -
542 3548 572 3564 ..
596 3499 777 3564 Octauenus
801 3499 918 3582 aiebat,
941 3500 968 3563 si
991 3499 1062 3583 quis

797 3602 850 3656 14*
