2422 3976
301 194 326 242 3.
349 187 386 244 M.
402 185 576 242 caeculus
595 185 721 240 NERVA
740 185 775 242 Μ.
792 187 820 241 F.
1048 187 1067 250 7

139 357 226 428 Quae
249 355 365 427 inclusi,
388 355 510 414 Pernioo
533 354 665 415 oioienda
687 356 794 414 merito
818 357 927 414 conset.

140 446 177 505 of.
193 445 258 506 Gai.
275 446 303 522 2,
320 447 370 504 67.

140 555 170 619 6.
197 553 234 619 D.
244 554 353 634 ibina
368 556 417 619 14.
432 590 474 600 -
488 552 571 618 Item
589 553 675 618 feras
692 553 821 633 bestias,
841 574 920 636 quas
935 552 1068 618 vivariis

56 643 293 726 incluserimus‚
321 646 355 707 et
381 643 501 728 pisoes,
528 663 608 726 quos
632 642 665 705 in
687 641 827 724 piscinas
852 642 1069 726 coiecerimus,

55 731 192 797 anobis
216 731 385 815 possideri.
427 729 482 794 sed
506 752 561 795 eos
584 729 698 813 pisces,
722 730 832 813 quiin
856 734 973 815 stagno
994 730 1069 814 sint,

56 827 109 885 aut
127 821 225 903 feras,
247 841 328 903 quae
347 821 380 884 in
400 819 488 884 silvis
507 817 728 899 circumseptis
747 823 917 903 vagantur,
937 820 1069 883 anobis

54 931 118 974 non
132 908 303 992 possideri,
317 907 471 992 quoniam
485 908 617 972 relictae
632 908 697 971 sint
711 908 744 971 in
755 907 904 971 libertate
915 908 1070 993 naturali;

56 998 201 1082 alioquin
221 997 319 1061 etiam
339 998 366 1060 si
386 997 458 1081 quis
478 997 593 1060 silvam
611 996 734 1079 emerit,
752 994 854 1059 videri
869 1016 941 1059 eum
957 1019 1070 1061 omnes

54 1087 137 1151 feras
161 1085 337 1170 possidere.

143 1198 181 1257 cf.
197 1195 262 1256 Gai.
277 1200 305 1271 2,
321 1199 372 1257 68.

146 1309 177 1372 7.
204 1307 244 1373 D.
257 1307 424 1387 ibiugrl
449 1329 478 1371 v.
503 1328 600 1390 supra
623 1329 654 1389 p.
668 1305 699 1370 5.

145 1397 176 1460 8.
208 1395 248 1461 D.
266 1396 318 1479 41,
337 1397 367 1480 2,
386 1396 439 1460 47.
469 1431 507 1442 —
537 1393 627 1458 Idem
660 1393 718 1474 (se.
742 1389 955 1478 Papinianus)
987 1393 1071 1458 libro

55 1486 233 1550 vicensimo
270 1487 361 1549 sexto
391 1483 623 1560 Quaestionum
658 1479 707 1568 (P.
732 1479 820 1568 319).
855 1519 892 1528 -
930 1480 966 1547 Si
1002 1503 1071 1546 rom

55 1573 211 1638 mobilem
243 1572 325 1656 apud
357 1576 389 1636 te
420 1572 600 1656 depositam
629 1576 686 1635 aut
713 1593 752 1635 ex
779 1570 982 1636 commodato
1010 1571 1071 1635 tibi

55 1661 291 1746 (permissam)
336 1660 500 1745 possidere
544 1682 647 1745 neque
687 1660 818 1725 reddere
856 1660 1072 1744 constitueris,

56 1750 230 1816 confestim
263 1749 409 1814 amisisse
441 1770 492 1812 me
521 1749 760 1834 possessionem
787 1749 838 1814 vel
865 1749 1070 1834 ignorantem

56 1859 248 1922 responsum
272 1841 329 1902 est.
369 1839 458 1902 ouius
482 1841 529 1902 rei
551 1837 690 1902 forsitan
714 1838 772 1901 illa
794 1837 878 1903 ratio
903 1841 961 1920 est,
984 1838 1070 1922 quod

57 1949 165 1992 rerum
180 1926 347 1992 mobilium
358 1928 507 2011 neglecta
517 1930 613 2009 atque
624 1926 744 1991 omissa
754 1926 909 2008 custodia,
924 1926 1071 2009 quamvis

57 2038 111 2081 eas
136 2037 233 2080 nemo
258 2015 339 2080 alius
363 2015 527 2098 invaserit,
550 2015 667 2079 veteris
687 2015 899 2098 possessionis
919 2014 1071 2077 damnum

58 2105 186 2169 adferre
220 2105 403 2186 consuevit,
435 2103 530 2187 idque
553 2102 664 2168 Nerva
695 2104 782 2168 filius
810 2104 902 2166 libris
931 2103 970 2166 de
998 2125 1071 2167 usu·

59 2192 252 2278 capionibus
280 2193 413 2257 rettulit.
462 2192 547 2256 idem
576 2192 689 2256 scribit
717 2193 815 2255 aliam
843 2213 973 2256 eausam
1002 2213 1072 2256 esse

55 2281 201 2346 hominis
222 2280 417 2346 commodati
432 2281 551 2345 omissa
566 2279 726 2362 eustodia3
745 2302 820 2344 nam
834 2280 1073 2362 possessionem

56 2370 182 2434 tamdiu
215 2373 357 2434 voterem
389 2368 544 2452 retineri¹,
576 2367 728 2453 quamdiu
760 2390 855 2433 nemo
889 2368 971 2433 alius
999 2390 1073 2432 eum

56 2458 224 2542 possidere
258 2459 399 2542 coeperit
432 2457 593 2538 [videlieet
619 2457 705 2541 ideo,
737 2458 812 2541 quia
839 2460 948 2540 potest
975 2456 1072 2520 homo

58 2547 227 2631 proposito
245 2546 397 2610 redeundi
412 2546 543 2611 domino
556 2546 794 2631 possessionem
809 2546 859 2609 sui
875 2565 1073 2621 conservare,

57 2637 149 2700 ouius
169 2656 303 2719 corpore
323 2639 445 2700 ceteras
465 2656 590 2718 quoque
609 2656 660 2699 res
679 2655 851 2717 possumus
869 2632 1033 2716 possidere
1041 2631 1072 2713 l]

438 2815 494 2875 ΙΙΙ.
527 2861 578 2876 ,..
601 2815 697 2875 libri.

147 2931 234 2991 Alios
254 2951 379 3009 quorum
397 2931 434 2990 do
453 2936 629 3009 argumento
648 2930 724 2989 nihil
737 2932 823 3006 patet
836 2930 928 2989 libros
942 2930 1074 2989 Nervam

59 3020 263 3097 composuisse
285 3021 402 3098 reliqua
424 3021 595 3098 fragmenta
618 3019 759 3078 indicant.

477 3174 526 3239 De
549 3174 662 3256 tepolis.

152 3300 180 3363 1.
204 3297 242 3363 D.
254 3300 323 3383 7,1‚
335 3300 384 3382 13,
396 3301 424 3363 7.
467 3297 557 3362 Idem
581 3295 639 3383 (so.
658 3293 831 3382 Ulpianus)
855 3297 937 3360 libro
962 3298 1074 3359 octavo

61 3387 185 3452 decimo
215 3387 255 3451 ad
279 3386 435 3452 Sabinum
461 3384 510 3473 (P.
525 3382 637 3471 2582).
664 3421 702 3432 —
728 3434 758 3449 ..
787 3383 815 3448 si
844 3384 969 3448 aedium
997 3404 1075 3446 usus

134 3559 149 3605 1
170 3553 216 3607 Fl.
236 3553 305 3610 fieri.
