2422 3976
94 183 160 249 300
196 185 228 240 V.
248 183 397 239 NERVAE
416 183 463 238 ΕΤ
479 182 630 238 TRAIANI
647 182 756 241 ΤΕΜΡ.
774 183 871 240 IURIS
890 183 1074 242 CONSULTI

96 348 190 413 cunia
219 350 252 412 et
278 351 316 412 ut
343 347 441 411 aliam
468 347 608 412 insulam
632 333 737 413 meam
760 349 922 428 reficeres,
950 369 1048 434 agam
1071 371 1088 414 e

95 435 240 518 vendito,
269 438 305 499 ut
327 435 468 521 reficias,
495 436 523 499 si
546 440 655 501 autem
677 435 739 502 hoo
763 437 877 521 solum,
900 440 937 502 ut
960 439 1088 503 reficere

95 545 166 589 eam
195 524 412 607 convenisset,
441 545 508 589 non
534 525 734 608 intellegitur
761 527 882 610 emptio
906 530 941 591 et
965 527 1088 592 venditi

94 612 194 696 faeta,
217 617 255 677 ut
277 615 310 676 et
332 612 485 678 Neratius
509 613 648 698 scripsit.

184 719 229 784 91‘.
252 719 291 786 D.
304 720 355 802 19,
364 720 394 802 5,
409 720 438 784 6.
466 716 621 784 Neratius
635 720 720 785 libro
733 720 841 806 primo
854 720 1089 806 Responsorun

95 845 140 856 -
165 807 310 873 Insulam
341 807 404 874 hoo
436 808 546 894 modo,
577 812 615 873 ut
646 809 745 874 aliam
777 810 918 875 insulam
950 811 1088 876 reficere

95 896 233 964 vendidi.
268 897 436 981 respondit
458 897 581 962 nullam
603 918 674 962 esse
692 896 920 985 venditionem,
944 899 1002 964 sed
1022 901 1088 964 civi

95 986 277 1052 intentione
299 986 414 1052 incerti
438 986 608 1071 agendum.

184 1080 220 1138 In
248 1079 377 1140 seeundo
403 1080 511 1139 horum
534 1081 771 1157 fragmentorum
794 1080 912 1140 Neratii
934 1082 1030 1142 verba
1051 1102 1088 1143 no

95 1168 182 1316 pppdo
210 1169 242 1226 in
269 1169 359 1230 breve
387 1171 505 1245 coaeta,
533 1167 584 1228 sed
612 1169 703 1228 etiam
727 1171 846 1229 mutata
869 1173 947 1229 sunt.
986 1171 1088 1231 Pernir

147 1304 155 1337 ,
178 1263 192 1316 l
218 1277 246 1333 p.
264 1261 314 1318 17.

451 1375 502 1441 De
522 1377 592 1441 tore
613 1376 763 1471 dotium?

138 1564 149 1585 ,
187 1503 237 1566 10.
270 1499 309 1568 D.
329 1501 382 1585 26,
398 1502 427 1584 1,
441 1500 493 1567 52.
539 1499 692 1565 Neratius
720 1501 805 1565 libro
833 1501 940 1584 primo
965 1502 1088 1587 Respor

51 1622 53 1627 ·
97 1611 217 1654 sorum.
252 1625 290 1636 -
326 1587 464 1656 (iurator
493 1611 553 1673 pro
585 1591 709 1654 minore
738 1611 804 1654 non
838 1593 968 1655 tantum
1001 1591 1088 1657 doter

98 1678 174 1742 dare
199 1677 306 1756 debet,
335 1678 391 1742 sed
414 1679 513 1743 etiam
535 1678 713 1762 impendia,
737 1700 818 1761 quae
843 1678 882 1742 ad
906 1681 1039 1763 nuptias
1062 1681 1088 1744 fa

97 1765 210 1830 cienda
234 1770 317 1831 sunt.

120 1870 123 1882 ·
187 1855 238 1918 11.
265 1853 305 1918 D.
324 1855 378 1937 39,
396 1855 426 1939 6,
443 1855 497 1919 43.
539 1852 692 1919 Neratius
719 1855 802 1920 libro
830 1855 936 1941 primo
964 1856 1088 1943 Respon

98 1964 215 2008 sorum.
246 1979 283 1989 -
313 1942 492 2030 Fulcinius:
524 1943 610 2008 inter
639 1943 744 2007 virum
772 1947 805 2008 61
831 1967 965 2010 uxorem
993 1945 1088 2011 morti

97 2053 195 2096 causa
227 2031 435 2097 donationem
468 2033 514 2096 ita
545 2032 631 2115 fieri,
663 2032 691 2096 si
723 2033 861 2098 donator
892 2034 1088 2099 iustissimun

97 2121 212 2185 mortis
239 2125 361 2186 metum
389 2120 517 2185 habeat.
567 2119 732 2186 Neratius:
766 2122 914 2187 sufficere
944 2124 1088 2187 existima

96 2209 219 2274 tionem
247 2207 397 2274 donantis
425 2210 510 2275 hano
539 2230 621 2292 esse,
652 2212 690 2273 ut
716 2210 911 2275 moriturum
940 2233 973 2274 se
1002 2214 1086 2295 putet

97 2321 195 2383 quam
218 2299 301 2362 iuste
320 2320 437 2363 neone
458 2299 643 2382 susceperit,
666 2319 731 2363 non
751 2300 980 2382 quaerendum.
1022 2296 1088 2384 quod

97 2388 202 2472 magis
225 2387 380 2452 tuendum
404 2391 462 2451 est.

514 2508 565 2574 De
584 2509 689 2590 frutis

191 2637 238 2699 12.
263 2634 301 2699 D.
315 2635 368 2719 47,
384 2635 412 2718 2,
429 2636 471 2700 84
479 2658 525 2717 pr.
559 2632 712 2699 Neratius
736 2635 820 2700 libro
839 2636 946 2718 primo
966 2637 1088 2720 Respon-

99 2745 217 2787 sorum.
240 2760 283 2770 -
307 2722 342 2787 Si
366 2724 437 2806 quis
462 2745 500 2786 ex
523 2723 618 2787 bonis
643 2725 721 2802 eius,
745 2745 839 2808 quem
863 2726 1002 2808 putabat
1023 2741 1088 2788 mor·

98 2815 204 2891 tuum,
236 2813 291 2894 qui
318 2812 409 2875 vivus
438 2819 519 2895 erat,
547 2834 606 2894 pro
634 2812 751 2876 herede
777 2834 829 2876 res
854 2808 1088 2898 adprehenderit,

99 2921 171 2963 eum
194 2899 317 2963 furtum
339 2922 405 2964 non
428 2901 543 2964 facere.

190 3007 240 3070 13.
263 3005 303 3070 D.
317 3007 392 3071 ibid.
407 3009 426 3087 ᾗ
444 3008 472 3070 1.
499 3043 536 3052 -
561 3005 603 3070 Ei
627 3029 699 3071 oum
719 3029 782 3090 quo
803 3029 861 3072 suo
881 3009 1012 3073 nomine
1029 2996 1088 3070 furti

100 3100 207 3160 aetum
236 3099 298 3177 est,
326 3095 353 3158 si
382 3098 465 3161 servi
493 3095 622 3159 nomine
650 3095 688 3159 de
713 3096 777 3159 alia
800 3117 834 3159 re
859 3097 1011 3161 adversus
1033 3108 1088 3158 eum

99 3189 230 3269 agatur,
253 3205 318 3248 non
343 3183 482 3248 dandam
506 3182 728 3269 exceptionem
751 3184 829 3248 furti
852 3208 919 3250 una
942 3185 1027 3251 facti.

188 3277 304 3336 Neratii
327 3278 419 3335 verba
442 3297 460 3336 a
479 3278 659 3336 Triboniano
678 3280 796 3337 mutata
815 3279 856 3338 sio
875 3279 1005 3339 fortasse
1021 3271 1088 3336 resti·

99 3366 213 3425 tuenda
235 3368 317 3424 sunt:
342 3365 373 3423 si
393 3367 471 3426 servi
489 3367 607 3425 nomine
631 3366 667 3424 de
687 3367 785 3425 eudem
808 3386 840 3425 re
864 3363 967 3445 <furto
986 3355 1088 3436 ablata)

100 3454 241 3515 adversus
266 3473 333 3512 eum
358 3457 479 3532 agatur,
502 3475 560 3514 non
589 3454 717 3513 dandam
743 3456 947 3531 exceptionem
970 3451 1088 3516 rettudi·

99 3549 188 3603 cotue.
1087 3556 1088 3561 ’
