2422 3976
379 192 405 242 4.
428 187 459 242 1..
478 185 661 242 NERATIUS
680 186 829 244 PRISCUS
1043 188 1108 254 309

118 352 182 414 ultra
203 355 315 415 librum
337 355 484 415 decimum
507 357 597 416 huius
621 356 719 432 operis
742 357 912 435 fragmenta
934 357 1018 416 nulla
1040 377 1107 433 pro·

63 458 66 481 ³
117 446 255 515 ponuntur.
306 446 375 504 ante
406 443 579 521 Neratium,
612 446 671 506 nisi
704 445 782 521 quod
815 444 849 516 Q.
881 446 1012 505 Mucius<
1030 444 1108 527 ὅρων

118 529 209 591 libmm
227 533 411 609 singularem
429 534 599 611 composuit
612 530 677 611 (Ip.
689 530 777 613 103),
792 534 924 594 eiusdem
938 536 1109 608 argumenti

117 617 169 679 libri
187 640 245 682 non
266 621 408 682 videntur
431 623 576 683 extitisse.
615 628 685 698 post
702 623 788 682 illum
808 623 995 700 Regularum
1013 625 1106 684 libros

117 707 197 780 plures
241 710 414 770 ediderunt:
461 711 642 787 Pomponius
689 704 736 793 (P.
768 705 967 794 era-377),
1014 711 1107 772 Gaius

118 788 354 880 (urae-485),
377 799 521 861 Scaeuola
544 791 801 883 (Mes-212),
824 801 937 860 Paulus
978 801 1009 860 P.
1022 803 1107 862 1425

118 880 251 966 —1443),
272 887 407 948 Licinius
430 888 556 948 Rufinus
578 880 769 970 (P.1-16)‚
792 888 941 966 Ulpianus
976 889 1010 948 P.
1022 892 1107 949 2362

120 968 255 1058 -2386),
282 976 453 1036 Marcianus
477 969 525 1059 (P.
542 970 745 1059 ule-286),
769 978 956 1038 Modestinus
980 969 1028 1058 (P.
1045 979 1108 1038 173

118 1056 229 1147 -280).
281 1065 333 1142 qui
360 1069 508 1143 quatenus
535 1066 653 1126 Neratii
679 1066 765 1127 libris
793 1068 841 1126 usi
869 1067 942 1140 sint,
971 1066 1109 1142 eognosei

118 1154 214 1235 nequit3
230 1154 264 1213 in
282 1154 444 1214 Modestini
462 1159 582 1215 tantum
600 1174 688 1232 opere
708 1157 741 1216 P.
758 1158 819 1215 187
840 1156 917 1215 libro
935 1173 995 1214 non
1013 1155 1109 1214 nomi-

117 1243 170 1301 nato
186 1242 303 1302 Neratii
322 1242 471 1302 sententia
489 1245 621 1321 affertur,
640 1246 675 1303 ut
693 1245 822 1304 fortasse
837 1244 1021 1323 Regularum
1038 1244 1109 1303 libri

119 1327 223 1392 subsint.
249 1331 282 1390 in
299 1332 404 1408 paneis
417 1331 536 1392 Neratii
553 1333 794 1410 fragmentorum
812 1333 887 1392 iuris
906 1333 1036 1392 consulti
1048 1352 1109 1392 non

117 1411 271 1497 laudantur,
298 1420 378 1496 quod
405 1439 465 1480 non
491 1421 637 1482 librorum
663 1425 790 1482 naturae
813 1421 970 1482 eonvenire
993 1421 1109 1497 reliqua

117 1519 189 1580 opera
206 1509 363 1569 sententiis
384 1509 542 1569 afferendis
558 1511 672 1571 docent.
719 1511 858 1571 extremis
872 1511 967 1588 libris,
982 1529 1109 1586 quorum

116 1590 268 1673 fragmenta
293 1616 354 1657 non
382 1601 500 1675 extant,
523 1598 558 1658 de
581 1599 701 1676 publieo
723 1601 790 1660 iure
813 1600 955 1659 Neratius
978 1599 1108 1659 fortasse

115 1677 223 1747 dixerat:
247 1690 328 1746 uerte
352 1690 383 1745 et
406 1685 581 1748 Scaeuolam
603 1688 640 1747 de
658 1688 776 1749 iudiciis
794 1689 921 1765 publicis
941 1691 971 1748 et
990 1688 1108 1747 Modes-

114 1767 192 1833 tiuum
218 1774 254 1834 de
283 1774 456 1835 criminibus
484 1780 515 1837 et
542 1777 579 1836 de
607 1777 776 1853 municipiis
800 1781 831 1837 et
853 1778 975 1838 coloniis
999 1777 1109 1836 dixisse

114 1865 220 1924 unstut.

184 1952 219 2010 In
242 1951 421 2030 fragmentis
442 1952 586 2013 librorum
605 1953 790 2031 Regularum
810 1958 840 2013 et
857 1955 1108 2032 Membranarum,

113 2052 174 2112 quae
196 2040 318 2117 quidem
338 2041 476 2118 integrae
500 2061 535 2101 ex
557 2042 632 2117 ipsis
650 2042 767 2101 Neratii
789 2043 875 2103 libris
898 2043 930 2101 in
947 2042 1109 2102 Iustiniani

63 2180 66 2211 ,
113 2120 221 2205 Digesta
247 2130 397 2190 translata
424 2130 595 2206 videantur,
618 2134 744 2208 rectam,
772 2150 848 2208 quae
875 2134 1015 2209 voratur,
1044 2148 1108 2188 ora·

67 2222 78 2249 ⁸
112 2212 207 2277 tionem
231 2218 359 2279 eursiuis
382 2218 493 2278 litteris
517 2221 680 2295 exprimere
704 2221 865 2296 supersedi.

509 2412 618 2474 Liber
640 2413 695 2474 III.

516 2532 567 2598 De
590 2534 691 2599 tutelo.

188 2639 215 2704 1.
239 2637 278 2704 D.
294 2638 346 2722 26,
364 2639 391 2722 1,
408 2639 457 2704 18.
498 2636 652 2704 Neratius
676 2640 760 2704 libro
784 2639 881 2703 tertio
901 2637 1109 2722 Regularum.

109 2725 316 2791 -Feminae
339 2730 463 2792 tutores
487 2728 557 2792 dari
580 2750 645 2793 non
668 2732 812 2811 possunt,
839 2728 914 2811 quia
937 2727 970 2791 id
993 2748 1108 2791 munus

106 2816 311 2880 masculorum
331 2820 381 2880 est
400 2816 476 2896 [nisi
492 2839 510 2880 a
524 2817 669 2901 principe
683 2817 823 2881 filiorum
837 2817 972 2880 tutelam
988 2817 1109 2900 specia-

104 2900 169 2968 liter
190 2903 382 2989 postulent}

183 2997 375 3074 Sohlesinger
403 2998 434 3056 Z.
452 2998 472 3058 f.
492 2997 553 3058 RG.
572 2999 659 3072 VHI,
675 3001 725 3058 52.
763 2998 861 3058 Eisele
885 2999 915 3059 Z.
931 3000 957 3058 d.
973 2998 1109 3059 Seu-St.

101 3082 132 3161 X,
145 3088 218 3147 316.

183 3189 214 3254 2.
237 3185 276 3252 D.
287 3188 340 3269 26,
350 3187 463 3272 3,2pr.
504 3187 657 3253 Neratius
681 3189 765 3252 libro
784 3190 880 3254 tertio
899 3189 1108 3273 Regularum.

99 3309 138 3322 —
161 3275 279 3340 Mulier
306 3275 419 3340 liberis
448 3298 512 3341 non
540 3282 626 3341 reete
655 3280 851 3344 testamento
879 3281 1020 3342 tutorem
1045 3276 1109 3341 dat.

99 3364 151 3429 sed
184 3366 213 3428 si
244 3364 382 3447 dederit,
414 3365 542 3430 decreto
570 3367 731 3449 praetoris
759 3366 811 3430 vel
839 3364 1042 3451 proconsulis
1070 3385 1109 3428 ex

97 3451 305 3605 inquisitissne
334 3453 579 3519 confirmabitur
606 3476 665 3520 neo
694 3454 865 3520 satisdabit
892 3453 1108 3539 pupillorem

96 3543 219 3608 saluam
256 3562 321 3607 ore.
