2422 3976
53 82 58 245 5
111 194 115 203 .
488 159 514 208 t.
532 150 720 209 ruadanus
1046 154 1109 220 167

114 330 155 398 De
165 334 202 400 iis
214 333 269 417 pai
281 334 317 398 in
330 332 499 416 municipio
509 333 630 399 colonio
640 333 785 417 fernim
798 335 929 401 uuanda
939 335 1111 418 praesunt?

189 450 216 514 1.
248 447 490 534 D.2,1,11pr.
536 449 636 515 Gaius
663 450 746 515 libro
775 449 880 534 primo
907 452 947 516 ad
971 451 1111 517 edictum

110 537 296 621 provinciale
323 534 373 624 (P.
392 533 459 625 56).
482 575 525 585 -
550 536 584 603 si
611 538 697 602 idem
725 560 798 603 enm
826 540 938 605 eodem
965 540 1112 624 pluribus

110 626 279 692 actionibus
312 633 403 711 agat,
435 649 571 711 quarum
603 628 805 713 singularum
834 628 998 711 quantitas
1026 630 1112 694 intra

108 715 352 781 iurisdictionem
371 714 562 780 iudicantis1
581 717 633 795 sit,
651 716 852 781 coacervatio
871 738 947 783 vero
967 716 1112 782 omnium

107 805 229 870 excedat
246 804 378 869 modum
396 803 630 869 iurisdictionis
650 805 731 890 eius,
751 805 836 888 apud
855 826 928 870 enm
947 807 1000 891 agi
1015 827 1113 889 posse

53 894 56 901 ⁴
106 891 219 958 Sabino
243 891 355 958 Cassio
378 892 515 958 Proculo
537 893 672 976 placuit.

186 987 282 1048 Gaius
314 985 410 1046 addit:
443 980 530 1064 ‘quae
562 987 712 1047 sententia
742 987 887 1064 rescripto
919 987 1109 1065 imperatoris

102 1075 245 1138 Antonini
268 1075 444 1136 confirmata
467 1069 535 1136 est’.

185 1179 218 1244 2.
251 1175 291 1242 D.
308 1176 387 1241 ibid.
404 1179 424 1258 ξ
443 1178 474 1242 2.
506 1213 548 1223 -
581 1174 617 1242 si
648 1198 713 1241 una
730 1177 828 1243 actio
860 1178 1038 1243 eommunis
1071 1177 1115 1242 sit

100 1269 240 1352 plurium
263 1287 485 1350 personarum,
507 1265 608 1330 veluti
630 1264 773 1330 familiae
792 1266 1005 1348 erciscundae,
1028 1288 1114 1332 com·

100 1358 189 1423 muni
218 1354 408 1437 dividundo,
434 1354 548 1419 finium
574 1355 807 1439 regundorum,
835 1360 944 1433 utrum
968 1355 1115 1440 singulae

98 1450 208 1531 partes
233 1438 436 1528 ‘spectandae
464 1447 542 1507 sunt
567 1443 654 1508 circa
681 1442 934 1509 iurisdictionem
963 1444 1031 1509 eius
1060 1442 1116 1528 qui

98 1533 284 1620 cognoscit,
310 1531 396 1616 quod
419 1530 515 1597 Ofilio
543 1535 576 1597 ct
597 1530 737 1597 Proculo
765 1532 887 1617 placet,
915 1533 991 1617 quia
1017 1552 1115 1598 unus-

96 1624 234 1710 quisque
263 1621 302 1686 de
329 1624 422 1704 parte
451 1642 510 1684 sua
537 1621 661 1706 litigat,
688 1642 728 1684 an
756 1621 865 1705 potius
893 1625 963 1687 tota
988 1643 1039 1686 res

353 1761 404 1828 Dc
419 1764 523 1847 pactis
545 1767 574 1826 et
594 1762 863 1828 conventionibus?

188 1871 219 1936 3.
242 1869 282 1934 D.
297 1868 495 1953 2,14,21,2.
540 1868 661 1933 Paulus
684 1869 767 1933 libro
791 1870 888 1934 tertio
912 1869 953 1934 ad
977 1869 1116 1935 edictum

96 1959 149 2049 (P.
165 1955 269 2046 127⁰).
287 1994 331 2005 -
349 1957 419 2023 Nos
442 2007 467 2023 ..
490 1957 552 2039 his,
575 1957 629 2041 qui
651 1956 688 2021 in
709 1961 825 2022 nostra
847 1960 1009 2041 potestate
1030 1962 1117 2041 sunt,

97 2047 293 2136 paciscendo
316 2046 469 2130 prodesse
492 2066 558 2110 non
580 2067 760 2129 possumus.
798 2047 852 2110 sed
876 2048 971 2111 nobis
991 2047 1023 2110 id
1042 2069 1116 2130 pro·

96 2140 255 2218 futurum,
279 2134 307 2200 si
330 2135 459 2200 nominc
484 2156 594 2199 eorum
618 2134 856 2219 eonveniamur,
879 2134 1034 2201 Proculus
1059 2137 1116 2200 ait.

450 2276 501 2341 Dc
522 2277 650 2360 negotiis
669 2277 769 2360 pestis

190 2387 222 2450 4.
244 2384 285 2450 D.
303 2384 339 2467 3,
357 2383 392 2458 5,
412 2384 462 2448 17.
511 2382 632 2448 Paulus
669 2382 767 2447 libro·
785 2403 873 2446 nono
906 2381 946 2445 ad
978 2380 1118 2446 edictum

97 2474 151 2563 (P.
168 2475 258 2559 190).
275 2509 313 2519 -
328 2471 484 2537 Proculus
499 2476 531 2535 et
545 2471 689 2555 Pegasus
708 2472 827 2536 bonam
845 2469 941 2534 fidem
961 2491 1043 2553 eum,
1062 2470 1119 2554 qui

100 2566 135 2630 in
156 2563 313 2628 servitute
332 2581 442 2643 gerere
461 2561 577 2644 eoepit,
595 2563 759 2644 praestare
779 2559 894 2623 debere
911 2559 1016 2641 aiunt3
1034 2559 1119 2625 ideo-

99 2674 165 2738 que
188 2653 360 2736 quantum,
389 2650 416 2713 si
440 2648 523 2713 alius
548 2650 615 2713 eius
638 2648 772 2731 negotia
797 2648 965 2732 gessisset,
993 2669 1119 2712 servare

100 2740 276 2826 potuisset,
294 2741 421 2802 tantum
444 2759 527 2820 eum,
550 2738 605 2820 qui
628 2759 648 2802 a
672 2740 773 2801 semet
795 2739 867 2819 ipso
885 2757 951 2801 nou
969 2737 1119 2821 exegerit,

101 2829 311 2915 negotiorum
334 2829 500 2911 gestorum
519 2827 645 2890 actione
663 2827 928 2909 praestaturum[,
951 2826 979 2889 si
999 2826 1119 2912 aliquid

100 2918 221 2984 habuit
243 2917 279 2980 in
301 2914 442 2998 peculio,
471 2915 561 2980 cuius
584 2914 766 2978 retentione
788 2913 822 2978 id
845 2915 966 2979 servari
989 2917 1119 2998 potest}

193 3011 316 3072 Inclusa
337 3008 429 3070 verba
451 3008 576 3068 Pernice
600 3007 775 3067 Triboniani
798 3024 862 3067 esse
885 3012 993 3067 censet.

192 3147 256 3230 Qui
277 3145 442 3211 achinnum
464 3144 640 3227 receperint,
663 3145 900 3211 attestantium
922 3146 1035 3210 ducat.

193 3263 225 3329 5.
248 3260 287 3326 D.
300 3262 331 3340 4,
342 3261 433 3346 8‚21,
443 3262 473 3327 9.
518 3259 680 3344 Ulpianus
703 3260 787 3326 libro
810 3261 908 3325 tertio
933 3260 1055 3324 decimo
1080 3258 1120 3321 ad

97 3354 247 3419 edictum
267 3348 317 3435 (P.
331 3348 422 3437 460).
440 3387 483 3397 —
503 3348 537 3415 Si
561 3349 632 3434 quis
656 3371 695 3414 ex
713 3349 935 3435 litigatoribus
958 3347 1031 3411 ideo
1053 3367 1120 3412 non

178 3516 194 3564 1
213 3507 412 3578 magistratus?
431 3505 657 3562 duumvirorum?
