2422 3976
174 185 210 240 IL·
226 183 466 241 materonum
484 184 710 241 SENTENTIAE
729 185 775 239 ΕΤ
792 186 897 241 LIBRL
973 186 1039 250 545

124 349 180 412 71..
203 346 242 412 D.
258 348 431 432 18,1,66,
447 349 475 412 1.
516 347 712 431 Pomponius
739 348 823 414 libro
846 349 1038 435 trigensimo

79 437 139 502 imo
167 435 208 501 ad
231 435 385 513 Quintum
408 434 559 502 Mucium.
581 473 618 482 —
645 434 679 501 Si
702 435 781 518 qnn¹
805 438 941 503 servitus
965 460 1038 503 vcn-

79 526 109 590 is
132 524 274 610 praediis
297 524 465 589 deberetur
488 547 546 589 neo
565 526 865 590 commemoraverit
884 527 1040 610 venditor,

79 615 90 678 l
121 615 227 679 sciens
260 634 329 678 esse
357 612 521 678 reticuerit
549 621 582 677 et
609 615 650 679 ob
678 614 711 677 id
739 636 796 697 per
823 614 1039 700 ignorantiam

103 706 231 786 emptor
251 723 318 766 non
339 701 459 766 utendo
482 723 538 783 per
561 698 735 767 tienninm²
758 724 828 767 eam
852 705 1040 768 servitutem

79 791 187 874 riserit,
206 789 334 874 quidam
351 839 380 856 ..
399 793 515 874 putant
534 791 731 855 venditorem
750 792 853 856 teneri
872 797 1038 874 exempto

99 879 243 1033 dirimi).
257 967 310 1048 21,
324 968 353 1048 2,
367 967 421 1047 eo,
435 968 465 1032 a
502 965 656 1031 scaevola
677 967 761 1031 ntro
780 969 917 1032 seeundo
938 968 1040 1044 uuae-

79 1078 186 1122 onum.
221 1092 258 1104 —
294 1055 377 1132 Quid
406 1105 457 1140 ..‚
490 1056 545 1140 qui
577 1056 699 1120 iussum
732 1055 841 1122 decem
867 1057 941 1121 dare
968 1079 1041 1141 pro-

79 1145 164 1210 ntiat
199 1144 316 1233 viginti
349 1143 424 1208 dare
453 1144 581 1227 debere,
612 1165 720 1208 nonne
752 1145 786 1208 in
819 1145 1039 1211 condicionem

79 1232 210 1299 entitur?
305 1232 435 1317 quidam
454 1232 719 1297 existimaverunt
737 1234 799 1298 hoc
817 1256 942 1319 quoque
962 1256 1039 1299 casu

79 1317 264 1388 noeane
286 1320 442 1385 contrahi.

380 1485 427 1544 De
449 1486 556 1544 ancilla
577 1486 702 1545 vendita.

125 1595 178 1661 73.
196 1594 235 1659 D.
248 1595 297 1678 18,
308 1596 337 1675 7,
347 1594 419 1678 6pr.
442 1592 531 1657 Idem
546 1593 604 1676 (sc.
613 1593 823 1680 Papinianus)
837 1596 921 1660 libro
935 1597 1040 1661 vicen·

79 1705 118 1749 no
142 1684 281 1768 septimo
300 1682 542 1758 Quaestionum.
558 1719 596 1729 -
619 1681 654 1746 si
673 1684 819 1748 venditor
837 1685 877 1748 ab
897 1691 1040 1769 emptore

79 1773 167 1855 verit,
189 1793 229 1835 ne
253 1793 346 1836 serva
366 1772 645 1835 manumitteretur
663 1793 743 1835 neve
761 1773 986 1856 prostituatur,
1009 1778 1042 1838 et

80 1881 144 1946 quo
172 1858 259 1926 facto
286 1863 400 1924 contra
428 1881 522 1944 quam
549 1859 655 1922 fuerat
683 1864 850 1943 exceptum
878 1862 1044 1926 evincatur

79 1954 93 2014 t
123 1948 226 2013 libera
255 1948 425 2030 iudicetur,
452 1951 485 2011 et
516 1969 554 2012 ex
587 1949 743 2031 stipulatu
770 1970 873 2030 poena
904 1953 1043 2034 petatur,

79 2037 102 2102 li
125 2037 346 2121 exceptionem
370 2035 500 2121 quidam
523 2036 723 2100 obstaturam
746 2040 869 2119 putant.

124 2149 161 2208 oi.
184 2147 224 2225 IL
245 2152 261 2205 1
286 2167 313 2223 p.
329 2148 402 2207 491.

129 2326 178 2384 De
200 2327 338 2400 mantione
360 2326 518 2384 venditione
540 2326 584 2383 oet
606 2326 743 2384 nostrone
765 2327 954 2384 conductione.

127 2444 177 2523 74,
197 2442 267 2507 Gai.
279 2444 391 2527 3‚147.
409 2480 446 2490 —
462 2491 488 2507 ..
504 2446 674 2527 quaeritur,
690 2444 804 2507 sicum
819 2443 948 2507 aurifice
964 2443 1044 2507 mihi

78 2532 234 2613 nvenerit‚
257 2535 294 2597 ut
316 2532 344 2596 is
368 2554 406 2595 ex
429 2553 507 2596 auro
532 2555 589 2596 suo
609 2533 689 2595 certi
706 2532 855 2615 ponderis
875 2538 1043 2615 certaeque

79 2641 160 2686 rmao
184 2621 298 2684 anulos
321 2620 401 2685 mihi
423 2620 557 2704 faceret,
583 2628 616 2684 et
639 2621 797 2702 acceperit
824 2620 913 2685 verbi
937 2621 1044 2704 gratia

79 2709 187 2775 narios
212 2707 277 2793 00,
304 2714 411 2773 utrum
440 2709 559 2791 emptio
587 2713 619 2772 et
641 2708 782 2772 venditio
806 2731 847 2773 an
870 2709 987 2773 locatio
1011 2716 1045 2772 et

79 2798 208 2863 nductio
228 2797 446 2862 contrahatur.
536 2797 695 2880 plerisque
713 2797 834 2881 placuit
848 2798 1043 2880 emptionem

93 2886 309 2953 venditionem
333 2885 489 2951 contrahi.

398 3042 448 3109 De
470 3045 688 3110 communione.

130 3158 182 3224 75.
208 3158 248 3223 D.
266 3159 322 3237 43,
341 3160 400 3243 20,
418 3160 448 3224 4.
494 3158 638 3223 Iulianus
666 3157 748 3222 libro
776 3157 1043 3242 quadragensimo

79 3249 144 3314 imo
172 3247 390 3331 Digestorum.
421 3285 460 3294 -
566 3247 650 3310 inter
683 3268 750 3329 eos,
783 3247 823 3312 ad
855 3268 935 3331 quos
966 3267 1044 3310 usus

130 3411 144 3456 1
167 3403 215 3458 Fl.
234 3419 305 3458 cum.

131 3479 147 3527 2
167 3473 245 3528 Trio.
261 3475 396 3528 statutum
414 3476 532 3544 tempus.

131 3550 147 3598 3
168 3545 244 3599 Trit.
263 3543 409 3599 evictionis
429 3546 645 3614 stipulationem.

91 3643 382 3692 Iurispr.antstadt.re11.
397 3644 431 3683 ed.
445 3645 546 3687 Bremer.
568 3647 600 3700 11,
611 3650 631 3688 2.
813 3640 851 3688 Ξῖ)
