2422 3976
414 192 439 241 1.
463 183 581 240 nnius
599 150 730 241 narseo
1010 185 1075 250 359

156 348 204 415 82.
232 346 270 413 D.
284 347 339 433 44,
352 348 383 430 2,
397 347 428 433 9,
443 350 471 413 1.
515 346 557 412 Ul
582 348 675 413 ianus
703 348 787 413 libro
811 349 1075 434 septuagensimo

89 435 178 518 quinto
196 436 237 503 ad
255 435 396 502 edictum
415 433 465 524 (P.
478 370 587 523 1667).
608 473 645 484 -
668 435 702 501 si
722 437 794 522 quis
812 436 956 521 fundum,
979 459 1074 522 quem

88 526 200 605 putebat
226 547 261 592 se
290 525 468 610 possidere,
497 525 688 607 defenderit,
715 547 791 590 mox
813 527 940 610 emerit,
967 547 1003 591 rc
1027 548 1074 591 se·

88 613 200 680 cundum
225 613 398 699 petitorem
425 614 567 679 iudicata
590 636 633 678 an
654 615 823 679 restituere
847 613 1005 699 cogatur?
1042 619 1075 680 et

88 700 123 765 ait
132 700 288 785 Neratius,
305 703 333 768 si
351 705 455 768 actori
474 703 591 768 iterum
610 703 735 788 petenti
754 703 914 768 obiciatur
927 704 1073 787 exceptio

86 788 122 852 rei
137 792 303 876 iudicatae,
327 792 483 877 replicare
506 813 580 856 eum
604 795 754 876 oportere
777 791 815 856 de
838 813 874 856 re
899 792 1073 857 secundum

86 897 112 940 se
128 880 268 948 iudicata.

152 975 216 1037 Duo
240 976 411 1053 fragmenta
433 973 638 1034 antecedentia
656 974 898 1034 Membranarum
921 974 999 1034 libro
1014 974 1073 1034 VII

83 1055 155 1122 leuel
174 1064 327 1142 attribuit,
349 1063 465 1124 ratione
488 1082 547 1122 non
571 1062 645 1122 satis
668 1063 775 1123 idonea
796 1063 889 1123 nisus.

421 1235 599 1301 Indicarum
622 1235 707 1300 solvi.

151 1343 200 1409 83.
223 1342 263 1408 D.
273 1343 304 1426 3,
314 1344 344 1426 3,
353 1344 406 1427 27,
419 1344 445 1406 1.
482 1340 643 1427 Ulpianus
662 1341 747 1405 libro
765 1363 852 1406 nono
872 1341 912 1406 ad
931 1341 1071 1407 edictum

110 1430 289 1518 .31‘1).-
317 1432 351 1496 Si
378 1453 417 1496 ex
443 1435 535 1515 parte
564 1431 683 1495 actoris
711 1430 780 1495 litis
807 1431 976 1496 translatio
1004 1433 1071 1516 fiat,

94 1513 193 1586 ''mns
217 1520 376 1586 committi
399 1519 575 1585 iudicatum
599 1519 681 1584 solvi
705 1519 953 1604 stipulationem
971 1543 991 1584 a
1013 1543 1069 1586 reo

75 1601 191 1692 factam,
213 1609 310 1694 idque
333 1658 362 1673 ..
385 1608 540 1674 Neratius
563 1608 689 1692 probat

145 1702 268 1780 Ulpiani
290 1704 383 1763 verba
405 1703 494 1779 plena
517 1705 599 1762 sunt:
622 1695 666 1762 ‘et
687 1701 723 1762 N.
747 1703 856 1779 probat
879 1707 910 1763 11
929 1703 1067 1764 Iulianus

71 1790 96 1846 ct
113 1789 166 1851 hoc
187 1792 254 1852 iure
276 1791 392 1851 utimur
416 1785 457 1851 ..'

10 2092 24 2205 p
345 2068 385 2151 ὅ.
425 2071 580 2145 TITIUS
609 2071 778 2146 11111810

10 2208 16 2271 l
142 2215 241 2277 Cassii
254 2217 390 2295 Longini,
407 2221 441 2276 ut
454 2217 582 2290 videtur,
598 2217 717 2277 auditor
732 2209 901 2297 (D.4,8‚40
917 2210 1066 2276 ‘Cassium

59 2306 174 2366 audisse
201 2325 233 2366 se
261 2306 408 2366 dicentem
436 2307 539 2366 Aristo
567 2299 630 2366 ait'.
676 2305 713 2364 D.
730 2309 780 2382 17,
796 2307 824 2383 2,
841 2307 925 2382 19,2
951 2299 1064 2365 <111111

57 2396 147 2455 refert
170 2393 307 2454 Cassium
330 2386 556 2475 respondisse'),
580 2388 824 2472 ‘haudquaquam
846 2393 984 2453 indoctus
1007 2388 1065 2454 vir'

57 2476 144 2564 (Gell
166 2486 216 2556 11,
238 2485 288 2557 10,
308 2477 357 2562 2),
389 2478 601 2560 ‘peritissimus
632 2483 744 2559 privati
775 2482 850 2540 iuris
883 2485 914 2541 et
940 2477 1066 2557 publici'

54 2568 142 2652 (Plin.
158 2590 204 2648 ep.
221 2574 250 2648 8,
268 2574 307 2631 l4
332 2573 368 2632 cf.
385 2575 413 2650 1,
429 2565 517 2650 221),
541 2571 631 2630 Plinii
652 2571 775 2648 amicus,
797 2571 969 2630 litterarum
988 2590 1065 2630 corn-

53 2663 162 2723 morcio
186 2661 362 2720 coniunctus
384 2678 451 2720 cum
475 2658 602 2720 Cerellio
625 2660 719 2719 Vitali
743 2653 792 2738 (D.
809 2660 837 2731 8,
853 2662 882 2737 5,
897 2660 926 2735 8,
942 2653 985 2739 5),
1008 2659 1066 2719 Ne·

52 2750 129 2812 ratio
156 2749 296 2826 Appiano
320 2740 370 2831 (D.
390 2752 441 2827 40,
460 2752 490 2824 4,
510 2740 577 2830 46),
604 2747 690 2808 Celso
718 2748 780 2807 filio
804 2741 854 2829 (D.
875 2751 903 2826 2,
924 2751 974 2826 14,
994 2752 1021 2826 7,
1037 2751 1065 2809 2.

52 2841 102 2918 40,
123 2842 152 2917 7,
173 2840 224 2912 29,
245 2829 293 2919 1),
319 2838 443 2898 Neratio
470 2838 572 2898 Prisco
598 2831 648 2911 (D.
665 2838 715 2912 20,
736 2840 764 2914 5,
784 2838 813 2895 3.
834 2838 884 2915 19,
905 2840 933 2915 2,
954 2841 1004 2916 19,
1020 2830 1065 2919 2),

51 2930 100 3007 qui
121 2929 212 2988 tanta
235 2945 303 2987 cum
326 2927 504 2987 auctoritate
527 2926 732 3002 respondendo
756 2944 878 3001 operam
902 2927 1006 3002 dabat,
1030 2932 1065 2985 ut

49 3017 96 3077 vel
118 3036 139 3076 a
160 3015 297 3092 principe
320 3015 448 3075 Traiano
471 3016 677 3075 consuleretur
696 3008 746 3094 (D.
763 3017 814 3092 37,
830 3017 880 3088 12,
896 3008 938 3093 5).
970 3015 1064 3075 libros

49 3123 168 3184 quoque
201 3103 380 3182 composuit,
418 3123 546 3182 quorum
579 3105 614 3163 de
646 3104 765 3163 nomine
798 3106 829 3162 11
860 3104 959 3163 indole
989 3103 1064 3162 certi

48 3194 123 3254 nihil
150 3193 300 3253 traditum
328 3196 383 3252 est.
428 3193 613 3253 11111197
637 3193 741 3252 morbo
764 3193 808 3250 111
830 3192 999 3267 laborabat,
1027 3195 1063 3248 ut

48 3282 83 3343 ‹le
105 3283 173 3344 rita
194 3285 300 3357 sponte
319 3281 450 3341 finienda
468 3282 624 3360 cogitaret.
660 3299 720 3358 qua
739 3282 775 3340 de
794 3300 826 3339 re
845 3280 959 3338 Plinius
980 3283 1008 3352 1,
1021 3280 1061 3337 22

48 3368 156 3432 Catilio
182 3369 292 3430 Severo
314 3389 368 3430 suo
391 3370 465 3430 haec
488 3371 621 3446 scripsit:

136 3453 293 3519 ‘niniam
316 3459 348 3518 in
370 3459 444 3519 urbe
467 3459 575 3519 haereo
599 3464 629 3518 et
652 3458 773 3536 quidem
796 3456 951 3517 attonitus.
994 3474 1062 3531 per-

46 3549 153 3609 turbat
174 3567 223 3608 me
241 3549 332 3627 longa
350 3551 381 3607 11
398 3548 537 3624 pertinax
555 3548 690 3608 valitudo
710 3546 772 3606 Titi
790 3545 949 3622 Aristonis,
973 3563 1063 3622 quem
