2422 3976
236 195 530 252 11.1NcnRTORUM
549 196 778 252 SENTENTIAE
799 199 845 253 ΕΤ
863 199 970 255 LIBRI.
1040 200 1104 265 557

373 379 402 444 b.
433 377 485 442 De
508 379 590 443 iure
613 378 832 443 honorario.

299 530 326 569 α.
357 509 406 566 Ad
429 507 559 567 edietum
581 508 722 567 aedilium
746 508 903 567 curulium.

259 678 263 683 .
386 616 436 682 De
457 618 621 699 mnnoipn'is
643 619 818 683 vendundis.

189 731 263 798 139.
291 731 329 798 D.
349 732 389 797 21
397 783 405 816 ,
426 734 458 816 1,
479 732 528 811 10,
547 732 577 796 4.
619 731 707 796 Idem
735 729 792 818 (so.
819 729 993 820 Ulpianus)
1019 733 1105 798 libro

96 818 204 905 primo
232 819 273 884 ad
300 820 440 885 edietum
463 819 613 885 aedilium
637 821 804 885 curulium.
823 858 867 870 -
887 820 1106 887 Lusoitionem

95 930 179 1061 ᾗ
198 929 270 1060 11111
297 908 427 993 quidam
454 912 585 993 putant,
611 909 668 973 ubi
695 908 793 974 homo
817 910 936 974 lumine
960 910 1105 976 adhibito

120 995 129 1011 ’
157 996 165 1011 ’
203 996 235 1061 ri
257 1000 298 1061 11

188 1083 263 1149 140.
290 1083 328 1149 D.
348 1085 404 1168 21,
425 1086 457 1158 1,
477 1087 532 1167 17,
549 1085 582 1150 4.
628 1085 785 1168 Ulpianus
816 1086 900 1151 libro
932 1087 1037 1170 primo
1066 1088 1106 1152 ad

95 1172 240 1239 edictum
254 1172 404 1238 aedilium
420 1173 585 1237 curulium.
603 1209 640 1221 —
658 1222 709 1238 ...
727 1177 914 1259 plerumque
930 1176 970 1239 ab
985 1176 1105 1260 impru-

95 1261 262 1345 dentibus,
274 1261 380 1346 inquit
389 1259 635 1346 (soVivianus),
650 1262 712 1327 dioi
726 1265 809 1328 solet
823 1285 895 1327 eum
911 1286 979 1328 esse
994 1264 1106 1346 fugiti-

97 1371 186 1433 vum,
203 1350 260 1434 qui
272 1354 368 1415 noete
383 1350 490 1434 aliqua
505 1350 573 1414 sine
587 1351 753 1416 voluntate
768 1353 890 1416 domini
905 1354 1107 1418 emansisset.

189 1437 265 1503 141.
290 1437 330 1502 D.
348 1439 406 1521 21,
427 1439 527 1523 1,31,
541 1438 592 1503 25.
634 1438 793 1522 Ulpianus
821 1440 905 1505 libro
935 1441 1039 1524 primo
1068 1441 1108 1506 ad

96 1526 242 1593 edietum
265 1526 415 1591 aedilium
435 1528 601 1591 curulium.
621 1563 662 1573 -
682 1527 774 1603 Quod
797 1529 954 1612 emptioni
976 1529 1108 1613 aooedit,

95 1617 226 1701 partem
250 1637 319 1680 esse
342 1615 535 1680 venditionis
557 1615 768 1698 prudentibus
792 1618 896 1682 risum
920 1621 977 1682 est.

190 1704 264 1769 142.
290 1701 330 1767 D.
348 1703 400 1784 21,
415 1706 445 1785 2,
459 1705 510 1769 31.
550 1703 710 1789 Ulpianus
733 1706 817 1770 libro
841 1706 1108 1791 quadragensimo

95 1792 240 1857 seeundo
269 1791 309 1856 ad
332 1789 497 1856 Sabinum.
523 1829 562 1840 -
587 1792 622 1857 Si
648 1795 695 1859 ita
722 1795 793 1880 quis
823 1795 992 1878 stipulanti
1015 1817 1109 1879 spon·

95 1880 176 1947 dest
205 1902 317 1945 sanum
345 1903 428 1960 esse,
458 1881 563 1945 furem
591 1904 656 1946 non
683 1904 767 1968 esse,
796 1883 1016 1966 vispellionem
1044 1906 1109 1948 non

95 1991 171 2035 esse
198 1972 232 2032 et
261 1973 380 2053 oetera,
407 1969 531 2034 inutilis
559 1970 724 2054 stipulatio
752 1971 944 2056 quibusdam
974 1971 1110 2054 videtur,

95 2058 177 2143 quia
205 2057 234 2120 si
261 2057 332 2141 quis
361 2062 410 2123 est
436 2058 470 2121 in
496 2059 558 2123 hao
586 2081 694 2141 eausa,
721 2060 922 2144 impossibile
950 2064 1000 2123 est
1023 2060 1109 2143 quod

95 2145 317 2231 promittitur,
339 2146 367 2211 si
390 2169 456 2212 non
478 2153 541 2231 est,
563 2147 684 2211 frustra
707 2152 765 2212 est.

386 2329 415 2408 β.
446 2329 494 2388 Ad
518 2329 648 2388 edictum
669 2329 826 2405 praetoris.

362 2437 412 2503 De
428 2440 530 2520 partis
551 2444 580 2503 11
600 2440 852 2503 conventionibus.

192 2551 264 2616 143.
292 2551 514 2638 Ι).2,14,7,
535 2554 586 2618 14.
625 2552 781 2635 Ulpianus
811 2554 895 2618 libro
925 2557 1038 2638 quarto
1068 2554 1108 2617 ad

97 2640 312 2705 1111111111.-
333 2639 368 2705 Si
390 2642 548 2726 paoisoar,
578 2663 618 2705 ne
642 2643 748 2725 operis
772 2642 849 2706 novi
871 2641 1108 2706 nuntiationem

99 2750 270 2813 exsequar,
294 2730 424 2814 quidam
447 2733 564 2813 putant
586 2752 650 2794 non
674 2732 779 2794 valere
803 2731 992 2814 pastionem,
1016 2731 1108 2815 quasi

98 2818 135 2883 in
158 2838 197 2882 ea
219 2839 255 2882 re
277 2817 435 2901 praetoris
457 2818 628 2902 imperium
651 2822 803 2883 versetur.

191 2920 228 2980 of.
246 2919 286 2996 Π,
307 2925 323 2979 1
348 2941 377 2997 p.
393 2923 442 2981 97.

194 3012 266 3077 144.
289 3012 327 3076 D.
342 3014 373 3095 2,
389 3013 505 3098 14,27,
523 3014 548 3077 1.
590 3013 709 3077 Paulus
733 3013 818 3077 libro
841 3014 938 3078 tertio
962 3012 1002 3076 ad
1025 3014 1110 3077 edio·
1138 3059 1142 3065 -

100 3103 247 3166 111111-
272 3099 307 3166 Si
334 3123 406 3166 oum
433 3123 488 3165 reo
517 3102 556 3165 ad
584 3105 706 3166 eertum
733 3105 861 3186 tempus
888 3101 995 3184 pactio
1023 3101 1110 3166 faeta

103 3189 161 3273 sit,
190 3189 276 3254 ultra
303 3211 405 3274 neque
435 3212 490 3254 reo
514 3213 616 3274 neque
639 3190 818 3254 fideiussori
841 3191 979 3274 prodest.
1026 3189 1110 3274 quod

102 3278 131 3342 si
158 3277 230 3342 sine
263 3300 400 3361 persona
427 3300 484 3342 sua
513 3300 585 3342 reus
609 3279 780 3362 pepigerit,
811 3301 850 3342 ne
879 3302 897 3342 a
924 3279 1110 3342 fideiussore

103 3369 244 3450 petatur,
276 3366 358 3430 nihil
384 3367 416 3431 id
445 3366 596 3450 prodesse
623 3366 801 3430 fideiussori
829 3367 957 3450 quidam
983 3370 1110 3450 putant,

104 3475 299 3539 quamquam
327 3455 360 3519 id
383 3457 430 3520 rei
453 3455 596 3536 intersit,
619 3455 694 3539 quia
717 3477 753 3518 ea
778 3454 904 3519 demum
929 3459 1109 3538 competere

105 3543 134 3608 ei
157 3543 272 3609 debeat
295 3544 448 3628 exceptio,
471 3565 551 3628 quae
575 3547 606 3608 11
628 3565 692 3608 reo.
