2422 3976
359 192 384 244 b.
408 184 616 242 IAVOLENUS
635 186 784 241 PRISCUS
1010 186 1074 251 431

220 374 269 433 De
303 390 384 433 seruo
406 375 531 433 mutioue
553 374 598 432 od
619 374 745 433 orbiculo
768 374 911 435 eonducta

154 482 229 549 121.
266 481 307 548 D.
331 483 382 565 19,
406 484 436 570 2,
459 484 511 561 60,
530 485 559 549 7.
608 481 717 548 Labeo
747 483 962 565 posteriorum
992 483 1076 549 libro

62 570 178 656 quinto
211 593 231 636 a
262 572 414 636 Iauoleno
446 572 705 656 epitomatorem.
740 608 777 617 -
813 569 943 637 Seruum
975 592 1078 637 meum

61 660 232 727 mulionem
258 661 446 738 ooadrreisti;
473 661 660 745 replepeutio
685 661 751 725 eius
772 661 876 725 mutus
898 665 969 726 tuus
984 662 1076 744 perit.

61 749 92 815 si
112 750 182 833 ipse
201 768 234 814 se
256 748 394 833 locasset,
416 771 453 815 ea
469 749 589 832 peoulio
611 751 775 815 dumtaxat
796 754 825 813 et
845 751 880 813 iu
902 770 967 813 rem
989 770 1076 814 oerso

63 858 114 903 me
133 838 287 903 domm
309 837 365 903 tibi
379 843 614 921 praestaturum
632 840 713 916 dieo;
737 839 786 903 siu
805 843 908 902 auum
925 839 990 919 ipse
1008 858 1077 902 eum

64 926 224 1010 lowssorm
250 946 315 991 rou
335 926 421 992 rdtra
443 948 491 992 me
513 927 569 991 tibi
586 931 831 1011 praestaturum,
856 947 950 1009 quam
973 926 1077 992 dolum

63 1015 186 1081 malum
208 1019 238 1080 et
258 1015 381 1098 crdpam
404 1037 504 1080 meam
525 1017 634 1081 obesse.
667 1018 748 1098 quod
768 1017 798 1080 si
818 1017 885 1080 siue
903 1015 1079 1099 defiuitione

58 1124 213 1189 personae
248 1103 415 1168 umlrouem
447 1126 468 1169 a
499 1126 547 1169 me
577 1105 750 1169 eouduursti
780 1108 809 1168 et
839 1125 890 1187 epo
921 1126 990 1169 erem
1022 1103 1079 1168 tibi

64 1192 228 1270 dedum,
265 1194 354 1258 ouius
389 1194 575 1276 neptepentia
611 1195 779 1257 iumentum
812 1194 953 1276 perierit,
988 1193 1079 1257 ittam

64 1300 185 1365 quoque
205 1280 329 1363 eulpam
351 1302 399 1346 me
422 1282 478 1346 tabi
493 1287 728 1365 praestaturum
750 1283 811 1363 oio,
833 1283 914 1364 quod
935 1303 1004 1346 eum
1023 1282 1079 1346 ete-

64 1372 192 1455 pissem,
214 1372 269 1452 pui
290 1371 439 1435 eiusmodi
460 1372 574 1436 damuo
597 1376 625 1434 te
646 1372 795 1452 adficeret.

158 1459 231 1524 122.
258 1458 297 1524 Ι).
312 1458 387 1523 ibid.
402 1461 421 1540 ἓ
436 1461 465 1526 8.
484 1497 526 1506 -
552 1459 728 1524 Vebierdum
746 1460 928 1543 eouduuisti,
949 1464 984 1523 ut
1002 1479 1079 1524 ortus

67 1551 157 1613 mm
177 1551 319 1629 portaret
343 1552 373 1612 et
396 1566 536 1613 seorsum
563 1550 620 1613 iter
645 1548 765 1629 faceret.
810 1550 847 1613 id
866 1568 936 1612 urm
954 1553 1078 1630 pontem

66 1637 227 1715 transiret,
253 1637 422 1719 redemptor
448 1639 513 1701 eius
533 1638 641 1719 poutis
666 1637 838 1719 portorium
865 1637 904 1701 ob
927 1657 960 1701 eo
983 1638 1079 1720 oripo

67 1724 126 1791 bat
162 1724 372 1810 quaerebatur,
396 1746 439 1790 ou
460 1727 554 1790 etiam
566 1746 626 1808 pro
644 1726 714 1808 ipso
732 1726 799 1791 sota
816 1727 892 1791 reda
905 1728 1079 1807 portorium

68 1814 200 1879 datrrrus
219 1813 323 1895 fuerit.
359 1820 443 1896 puto,
465 1816 495 1880 si
512 1815 608 1879 mulio
625 1835 688 1879 uou
706 1816 859 1897 muorooit
877 1836 911 1878 eo
928 1835 960 1880 se
979 1820 1079 1879 trous·

69 1902 197 1981 iteum
214 1922 284 1967 oum
298 1902 469 1968 vebiaalum
482 1903 602 1985 locaret,
620 1904 785 1968 mulionem
793 1910 956 1986 praestare
969 1904 1078 1969 debere.

278 2094 326 2152 De
347 2095 434 2153 Mmu
455 2095 499 2154 oet
520 2096 592 2154 oilla
614 2095 749 2168 fooieado
772 2096 873 2154 toeato.

159 2212 233 2278 123.
261 2210 300 2276 D.
318 2213 367 2295 19,
381 2213 411 2296 2,
426 2212 477 2278 59.
508 2212 679 2278 Iavolenus
693 2214 776 2277 libro
792 2213 905 2297 quinto
920 2210 1079 2277 Labeonis

71 2302 294 2385 posteriorum.
327 2339 365 2347 -
394 2302 537 2367 Marcius
564 2303 688 2367 domum
712 2302 889 2383 faciendam
915 2322 936 2365 a
965 2301 1079 2366 Flacco

71 2391 272 2467 oouduaerat,·
299 2391 407 2455 deiude
428 2392 528 2473 operis
544 2394 636 2473 parte
658 2391 763 2470 efferta
785 2395 883 2454 terrae
905 2394 990 2454 motu
1012 2410 1080 2454 eou-

71 2498 192 2545 oussum
213 2482 282 2543 erat
302 2479 486 2562 aedificium.
527 2480 709 2544 Massurius
726 2479 873 2561 Sabinus,
894 2480 923 2544 si
943 2481 974 2543 oi
991 2483 1080 2543 matu

71 2567 265 2722 rataoebrti
291 2573 390 2633 terrae
415 2573 500 2633 motu
525 2568 580 2633 bae
601 2569 757 2651 acciderit,
786 2567 897 2632 Ftaoei
918 2588 980 2633 esse
1000 2567 1080 2649 peri

70 2675 105 2723 ou
171 2704 179 2719 .

161 2745 233 2809 124.
252 2743 291 2809 D.
302 2744 353 2829 19,
363 2745 393 2830 2,
403 2746 456 2818 60,
466 2744 496 2810 3.
524 2744 632 2810 Labeo
647 2748 860 2828 posteriorum
872 2745 954 2809 libro
966 2745 1079 2831 quinto

72 2832 262 2899 slavoleno
282 2834 542 2916 epitomatorum.
560 2870 602 2880 —
621 2834 699 2915 Lepe
717 2834 799 2898 dieta
816 2835 924 2898 domus
935 2833 1081 2915 facienda

71 2920 170 2989 mua
191 2926 260 2987 erat
281 2923 335 3005 ita,
361 2927 397 2986 ut
411 2923 555 3006 probatio
578 2928 634 2987 aut
654 2922 837 3004 improbatio
861 2923 1002 2988 toeatoris
1025 2926 1082 2987 out

70 3008 190 3077 heredis
210 3011 277 3076 eius
298 3015 379 3076 esset.
415 3012 585 3093 redemptor
601 3032 640 3076 ea
657 3013 811 3075 voluntate
829 3012 972 3076 boeotoris
989 3030 1080 3092 puae-

70 3100 144 3165 dam
170 3100 207 3164 iu
233 3119 320 3181 opere
335 3105 574 3183 permutaverat.
625 3100 768 3181 respondi
794 3120 869 3182 opus
896 3101 1018 3182 quidem
1043 3119 1081 3163 ao

71 3187 132 3271 iope
157 3188 240 3255 diota
265 3209 328 3253 uon
352 3189 448 3254 videri
468 3189 599 3273 foetum,
627 3189 847 3271 sedquoniam
870 3210 905 3253 eu
927 3188 1082 3253 uoluntate

71 3276 215 3343 umore
237 3281 446 3360 permutatum
474 3282 560 3357 esset,
586 3279 801 3359 redemptorem
828 3277 944 3342 absolui
970 3276 1080 3342 debere.

162 3364 236 3432 125.
263 3366 302 3429 Ι).
321 3365 397 3431 ibid.
417 3367 485 3446 §4
513 3403 554 3412 —
588 3366 741 3431 Mandaei
767 3367 835 3445 tibi,
862 3371 897 3430 ut
922 3370 1080 3448 ereuteres,

72 3455 184 3537 prrauti
208 3454 317 3520 eidam
338 3456 501 3537 aedificare
522 3454 618 3521 odies.
667 3456 853 3520 renuntiasti
874 3454 952 3519 mibi
973 3455 1081 3519 dueen-

73 3547 174 3609 torum
195 3544 368 3628 impensam
390 3543 458 3628 <te>
481 3549 624 3610 edeuure.
669 3549 751 3610 certa
772 3545 908 3610 macedo
930 3564 1011 3627 opus
1029 3543 1094 3606 tbi-
