2422 3976
91 184 158 248 484
194 182 228 239 V.
246 180 395 236 NERVAE
416 181 462 236 ET
482 180 635 235 TRAIANI
652 180 759 236 TEMP.
778 179 874 236 IURIS
894 179 1073 236 CONSULTI

509 393 618 452 Liber
639 393 691 452 XI.

465 512 515 576 De
537 513 731 578 testamentis.

183 628 233 693 58.
252 626 292 691 D.
308 628 360 709 36,
376 630 404 710 l,
417 628 470 692 48.
506 626 676 691 lavolenus
691 628 775 692 libro
791 628 962 694 undecimo
977 627 1105 713 Epistu-

93 719 208 782 larum.
244 753 281 762 -
317 715 407 781 Seius
438 715 629 781 Saturninus
665 716 905 799 arehipubernus
940 738 979 782 cn
1014 718 1106 782 classe

93 806 287 871 Britannica
314 809 488 869 testamento
515 805 715 885 fiduciarium
738 806 863 887 reliquit
882 806 1021 871 heredem
1049 807 1105 870 Va·

97 895 208 959 lorium
231 893 412 958 Maximum
435 892 649 977 trierarchum,
677 915 698 958 a
721 915 780 976 quo
800 896 883 978 petit,
908 901 944 958 ut
965 896 1032 977 filio
1054 915 1105 959 suo

95 982 166 1050 Seio
191 981 320 1064 Oceano,
348 1003 417 1046 acm
440 983 483 1046 ad
504 1001 603 1047 annos
625 983 751 1048 sedecim
768 985 968 1066 peruenisset,
994 983 1105 1048 heredi-

95 1077 188 1136 tatem
201 1072 377 1136 restitueret.
413 1069 503 1136 Seius
521 1069 658 1136 Oceanus
672 1077 836 1154 antequam
851 1073 992 1153 impleret
1005 1092 1106 1153 annos,

95 1160 255 1241 defunctus
282 1164 331 1224 est.
376 1179 460 1223 nunc
482 1159 617 1224 Mallius
639 1159 766 1244 Seneca,
789 1162 897 1242 quise
921 1162 1105 1226 avunculum

96 1247 163 1315 Seii
187 1248 301 1313 Oceani
327 1249 412 1331 dicit,
433 1248 649 1330 proximitatis
675 1250 799 1313 nomine
825 1249 898 1314 llaec
926 1250 1008 1315 hona
1027 1252 1105 1332 petit,

95 1337 260 1402 Maximus
287 1341 389 1401 autem
418 1336 604 1401 trierarchus
630 1337 691 1402 sibi
713 1357 748 1401 ea
771 1339 908 1403 uindicat
928 1340 1010 1416 ideo,
1037 1339 1105 1421 qnia

95 1425 254 1505 defunctus
282 1431 326 1490 est
351 1426 379 1490 is
402 1427 452 1490 cui
473 1426 631 1490 restituere
652 1427 755 1491 iussus
776 1432 852 1490 erat.
897 1448 1013 1509 quaero
1035 1447 1104 1509 erpo,

95 1520 202 1579 utrum
230 1515 302 1579 haec
331 1515 409 1579 hona
438 1516 482 1579 ad
513 1514 670 1580 Valerium
697 1515 879 1579 Maximum
907 1517 1103 1581 trierarchum

96 1603 232 1667 heredem
253 1603 455 1684 fiduciariam
472 1604 648 1684 pertineant
665 1625 707 1668 an
727 1605 769 1669 ad
785 1605 938 1669 Mallium
955 1603 1102 1686 Senecam,

96 1691 152 1774 qui
173 1711 205 1755 se
220 1693 314 1773 pueri
336 1692 471 1772 defuncti
492 1692 678 1756 aonumdum
701 1712 761 1757 esse
783 1694 865 1758 dicit.

185 1787 357 1870 Respondi:
384 1791 414 1854 si
433 1787 523 1854 Seius
542 1788 687 1869 Oceanus,
711 1792 762 1854 cui
778 1792 1015 1873 fideicommissa
1032 1792 1099 1855 here

97 1878 179 1942 ditas
207 1898 244 1941 ec
272 1882 446 1942 testamento
469 1877 535 1942 Seii
558 1876 737 1957 Saturnini,
766 1899 835 1944 eum
861 1901 963 1946 annos
985 1881 1099 1946 sedecim

96 1965 231 2048 haberet,
267 1987 287 2030 a
327 1966 447 2032 Valerio
478 1966 624 2032 Monimo
659 1969 822 2049 fiduciario
854 1968 960 2034 herede
991 1967 1099 2034 restitui

97 2055 214 2133 debeat,
242 2056 427 2137 priusquam
454 2057 657 2138 praefinitum
685 2064 801 2138 tempus
828 2059 939 2123 aetatis
966 2058 1097 2140 impleret,

97 2144 233 2223 decessit,
260 2144 427 2226 fiduciaria
454 2143 605 2209 hereditas
631 2146 674 2208 ad
700 2165 768 2210 eum
787 2147 934 2229 pertinet,
961 2148 1005 2211 ad
1024 2164 1097 2228 quem

98 2239 193 2300 cetera
221 2233 300 2296 bona
325 2232 437 2297 Oceani
458 2234 677 2315 pertinuerint,
704 2237 851 2315 quonium
874 2237 939 2300 dies
962 2237 1096 2317 fideicom-

99 2324 189 2386 missi
215 2323 281 2385 oioo
311 2320 428 2386 Oceano
456 2324 557 2406 cessit,
585 2323 696 2387 scilicet
721 2325 749 2387 si
773 2326 971 2406 proropando
999 2331 1097 2406 tempus

99 2411 260 2474 solutionis
297 2412 423 2474 tutelam
459 2413 558 2492 mapis
594 2412 696 2475 heredi
731 2413 894 2493 hdudario
929 2415 1096 2495 permisisse,

98 2520 194 2580 quam
221 2501 370 2563 incertum
398 2501 476 2563 diem
504 2501 729 2580 fideicommissi
755 2503 946 2567 constituisse
967 2504 1096 2567 uideatur.

513 2694 562 2758 De
586 2695 697 2776 lepatis.

189 2815 240 2880 59.
260 2816 298 2880 D.
314 2818 365 2902 35,
382 2819 409 2899 1,
425 2818 475 2882 67.
512 2817 683 2883 Iavolenus
699 2819 781 2882 libro
797 2820 967 2885 undecimo
983 2822 1096 2906 Epistu·

98 2905 213 2968 larum.
234 2942 272 2950 -
294 2905 372 2971 Oum
393 2907 449 2971 suh
471 2907 528 2971 hac
550 2908 722 2971 condicione
742 2907 861 2987 fundus
879 2911 977 2974 alicui
997 2912 1097 2992 lepalus

98 2999 173 3058 esset
204 2993 243 3057 ‘si
270 3015 390 3059 seruum
416 3017 479 3061 non
506 2995 731 3060 manumiserit’
759 3002 799 3075 et,
831 2999 860 3062 si
887 2997 1097 3075 manumiserll,

100 3083 232 3166 lepatnm
256 3082 350 3162 fundi
372 3087 415 3148 ad
436 3086 595 3151 Maecium
619 3086 805 3149 translatum
828 3093 915 3165 esset,
948 3087 1098 3171 leputarius

100 3175 135 3236 de
161 3193 224 3236 nou
251 3171 406 3237 liberando
434 3176 593 3238 satisdedit
616 3179 644 3238 et
667 3174 798 3255 lepotum
822 3178 938 3257 accepit
961 3183 989 3242 et
1007 3179 1099 3258 postea

100 3261 248 3325 liberauit.
289 3282 413 3344 quaero,
436 3284 479 3326 an
502 3263 623 3344 aliquid
643 3263 766 3327 Maeuio
790 3266 889 3329 detur.

189 3358 369 3441 Respondit:
401 3362 429 3424 si
455 3362 505 3424 cui
531 3362 576 3424 ita
600 3362 730 3443 lepatum
757 3363 816 3425 erit
843 3361 882 3426 ‘si
909 3382 1027 3428 scromu
1049 3378 1100 3424 non

101 3447 336 3529 manumiserit',
364 3450 563 3514 satisdatione
590 3451 768 3530 interposita
796 3453 931 3532 accipere
955 3453 993 3517 ah
1010 3449 1100 3515 herde

102 3535 234 3616 lepatum
256 3539 369 3617 poterit
396 3543 434 3618 ct,
462 3539 490 3602 si
507 3543 614 3619 postea
637 3559 755 3603 servum
779 3543 1010 3625 manumiserit,
1037 3558 1100 3604 mm·
