2422 3976
91 177 157 241 556
454 171 731 231 ΔΒΒΙΤΔΜΕΝΤΔ.

94 338 168 403 dere
200 340 234 402 et
259 357 434 421 usucapere
467 332 575 425 (eoell
602 356 712 421 posae3
744 334 800 401 eed
827 336 960 421 quidam
991 341 1104 404 eontra

94 429 219 512 putant,
242 425 395 509 qnoniam
417 425 507 509 ipsos
530 445 639 490 servos
660 445 728 491 non
748 424 948 510 possideant.

402 632 405 637 ·
451 591 501 659 De
522 591 743 659 mamaea.

186 709 259 775 134.
281 706 321 774 D.
331 708 384 792 27,
393 709 423 793 3,
434 708 503 793 1‚2.
539 705 700 793 Ulpianus
717 707 804 773 libro
821 707 994 795 trigesimo
1014 712 1103 775 sexto

96 797 138 862 ad
161 798 309 864 edietum.
327 832 371 844 —
464 797 493 861 ai
514 817 581 861 nou
604 795 719 863 mortis
741 817 840 862 eausa
862 795 1033 863 donaverit
1054 801 1104 863 tu-

92 890 166 952 tore
187 890 318 952 auctore
340 882 397 971 (aa
415 881 583 972 pupillus),
604 930 636 950 ..
664 883 811 951 Iulianus
833 885 964 971 eoripait
987 887 1105 971 pleros·

94 996 156 1059 que
181 1024 211 1040 ..
233 978 349 1059 putare
371 995 437 1041 non
458 973 566 1039 valere
589 971 803 1039 donationem.

462 1138 513 1207 De
533 1138 736 1207 mattae.

187 1255 259 1322 135.
281 1254 322 1322 D.
335 1256 367 1335 8,
380 1256 411 1338 3,
425 1256 444 1321 7
453 1277 503 1340 pr.
537 1254 627 1321 Idem
650 1251 709 1344 (ee.
731 1252 866 1341 Paulae)
888 1256 975 1323 libro
999 1256 1102 1325 vian-

95 1346 178 1411 aimo
200 1344 307 1430 primo
333 1343 375 1409 ad
397 1343 546 1410 edietum.
567 1379 613 1391 -
721 1343 902 1410 iumentum
926 1392 962 1411 ..
992 1346 1101 1412 duaere

94 1455 163 1500 non
184 1437 307 1518 pateat,
329 1433 385 1517 qui
406 1432 471 1498 iter
491 1435 620 1498 tantum
641 1431 751 1497 habet
786 1433 841 1518 qui
865 1437 976 1499 aetum
997 1432 1102 1517 habet,

83 1515 130 1587 'et
159 1521 319 1606 plostrum
352 1520 467 1587 duoere
503 1525 536 1586 et
570 1520 715 1586 iumenta
746 1540 843 1607 agera
873 1525 995 1606 potest.
1050 1522 1101 1588 aed

94 1609 245 1675 trahendi
274 1608 415 1695 lapidem
444 1612 501 1675 aut
529 1608 656 1695 tignum
686 1610 794 1675 neutri
826 1630 939 1675 eorum
970 1613 1022 1678 iua
1048 1615 1101 1677 eet.

95 1697 227 1784 quidam
249 1718 309 1763 nee
331 1696 461 1763 hastam
483 1701 605 1763 reatem
628 1699 659 1762 ei
680 1696 763 1762 ferre
779 1697 885 1779 liuere,
906 1701 986 1785 quia
1002 1721 1100 1786 neque

96 1785 193 1851 eundi
209 1806 313 1871 neque
332 1784 448 1871 agendi
466 1786 574 1872 gratia
591 1785 624 1850 id
642 1785 766 1852 faeeret
784 1789 818 1851 et
834 1793 971 1871 poesent
983 1788 1100 1855 motus

95 1896 135 1941 eo
158 1874 253 1940 modo
276 1874 371 1939 laedi.
411 1874 468 1960 qui
485 1874 573 1939 viam
594 1874 719 1941 habent
736 1874 833 1940 eundi
855 1876 1038 1963 agendique
1054 1878 1099 1942 iue

95 1963 231 2048 habent3
252 1962 397 2048 plerique
416 1967 450 2027 et
472 1961 620 2027 uehendi
637 1984 764 2048 quoque
783 1967 817 2029 et
834 1968 959 2030 rectam
976 1965 1099 2031 hastam

95 2051 235 2134 ferendi,
257 2051 286 2117 ei
308 2051 403 2116 modo
426 2051 549 2117 fruetus
572 2072 640 2115 non
662 2051 778 2117 laedat.

186 2140 259 2206 136.
281 2139 307 2204 I.
322 2140 352 2224 2,
366 2140 396 2224 3,
410 2140 440 2204 2.
454 2176 498 2186 -
513 2139 551 2204 ln
568 2138 762 2204 rusticorum
780 2140 988 2224 praediorum
1007 2142 1097 2207 eervi-

95 2233 182 2293 tutes
221 2229 350 2313 quidam
388 2228 568 2312 computari
597 2278 631 2292 ..
658 2233 776 2313 putant
809 2251 913 2313 aquae
944 2232 1097 2312 haustum,

95 2318 221 2400 peeoris
261 2316 302 2382 ad
343 2339 460 2400 aquam
502 2316 685 2400 adpulsum,
720 2318 770 2381 ius
808 2319 975 2401 pascendi,
1010 2319 1096 2384 calcia

96 2405 291 2489 coquendae,
313 2405 453 2470 harenae
476 2404 653 2469 fodiendae.

185 2518 222 2576 ef.
246 2516 280 2576 D.
297 2519 326 2591 8,
342 2519 370 2592 3,
388 2520 413 2589 1,
431 2520 457 2575 1.
494 2515 562 2591 Ulp.
586 2516 606 2574 l.
629 2515 660 2574 H
682 2517 781 2576 Instit.

379 2678 428 2744 De
450 2699 534 2761 aqua
550 2679 662 2761 pluvia
684 2680 825 2744 arcenda.

187 2796 260 2860 137.
287 2793 325 2859 D.
345 2795 397 2878 39,
415 2794 445 2874 3,
463 2795 484 2859 3
495 2816 541 2877 pr.
586 2792 744 2876 Ulpianus
771 2794 855 2860 libro
885 2797 1088 2882 quinquagen-

98 2882 180 2947 simo
208 2883 305 2948 tertio
335 2882 373 2946 ad
402 2881 548 2946 edietum.
574 2918 612 2928 -
714 2882 742 2946 ai
761 2934 791 2948 ..
816 2905 934 2968 aquam
960 2885 1089 2951 conrivat

96 2969 155 3058 (sc.
174 2971 203 3035 ia
222 2971 257 3035 in
277 2971 365 3035 euius
384 2970 483 3035 fundo
503 2991 585 3054 aqua
605 2968 722 3054 oritur)
741 2971 791 3035 vel
809 2972 837 3035 si
860 2994 1007 3057 spurcam
1028 2971 1086 3056 quis

95 3060 263 3143 immittat,
284 3081 379 3143 poese
402 3081 473 3123 euin
497 3058 646 3142 impediri
667 3059 830 3144 plerisque
852 3063 982 3144 placuit.

466 3225 516 3291 De
534 3227 733 3309 postliminio.

186 3343 258 3408 138.
282 3341 367 3406 Fest.
382 3365 412 3426 p.
426 3341 554 3407 214-
568 3394 576 3407 .
591 3394 598 3407 .
615 3347 692 3407 aunt
705 3343 761 3426 qui
775 3343 915 3428 erodant,
933 3343 1081 3428 perfugam

95 3452 165 3495 esse
189 3453 253 3495 non
278 3435 346 3494 tam
370 3430 426 3514 qui
449 3430 530 3495 alios
552 3430 659 3516 fugiat
682 3430 738 3494 aed
761 3431 816 3516 qui
840 3433 881 3496 ob
905 3455 992 3516 spem
1013 3449 1079 3496 oom-

94 3519 263 3583 modorum
287 3519 326 3582 ad
351 3519 533 3602 qnempiam
555 3519 725 3605 perfugiat.
