2422 3976
358 187 384 239 4.
404 181 432 237 0.
448 180 593 238 csssius
611 179 797 238 LONGINUS
1042 185 1084 248 35

69 350 115 408 De
163 348 376 409 donationibus
421 350 466 409 De
512 350 709 412 servitutibus

114 433 149 518 (1.
164 433 238 519 III).
467 433 501 521 (l.
515 430 566 519 X).

68 547 116 605 De
164 545 360 606 servitutibus
420 546 465 606 De
511 545 722 607 donationibus

115 629 150 717 (l
165 631 237 713 III).
464 631 499 716 (1.
514 634 609 717 XIV).

420 742 464 802 De
486 744 576 802 furtis
595 737 630 825 (l.
644 735 740 824 XIV).

421 850 466 910 De
507 850 573 928 lege
616 849 741 927 Aquilia

378 1020 381 1024 ι
465 933 499 1020 (l.
518 931 612 1020 XIV).

161 1080 323 1142 Iavolenus
354 1080 386 1139 iu
418 1081 503 1141 libris
535 1100 571 1142 ex
599 1080 701 1141 Cassio
735 1080 906 1156 compositis
934 1082 1085 1142 honorarii

72 1189 191 1248 quoque
210 1169 285 1228 iuris
303 1169 423 1229 videtur
441 1171 589 1230 rationem
606 1170 748 1230 habuisse
766 1187 863 1246 neque
881 1170 913 1228 in
930 1171 977 1230 his
996 1172 1085 1232 rebus

72 1259 169 1320 Cassii
192 1259 268 1317 iuris
292 1257 388 1319 civilis
411 1258 497 1318 libris
519 1277 592 1319 usus
615 1277 690 1318 esse.

161 1348 276 1406 Earum
303 1366 421 1425 quoque
449 1348 678 1424 sententiarum,
706 1365 780 1425 quas
808 1350 929 1407 auctore
953 1368 1013 1407 non
1039 1349 1085 1408 iu·

71 1437 172 1496 dicato
195 1437 356 1497 Iavolenus
378 1436 506 1513 profert,
534 1455 604 1513 pars
627 1436 747 1512 quidem
771 1434 866 1496 Cassii
889 1454 953 1496 esse
975 1440 1085 1515 potest,

72 1527 122 1586 cui
153 1530 257 1584 tamen
290 1544 358 1603 sua,
395 1544 464 1584 cum
496 1525 675 1585 discriminis
707 1525 838 1585 rationes
869 1544 924 1585 nos
956 1526 1084 1604 fugiant,

70 1616 207 1675 tribuere
230 1615 281 1674 vix
302 1615 381 1675 licet.

162 1704 200 1763 In
223 1703 403 1763 collocandis
421 1702 516 1763 Cassii
538 1703 716 1782 fragmentis
736 1707 768 1763 et
787 1703 929 1763 Sabinum
949 1707 980 1764 et
997 1705 1083 1766 Iaro-
1125 1705 1128 1710 '

72 1793 177 1852 lenum
201 1792 295 1851 duces
319 1793 404 1870 sequi
427 1793 508 1853 licet.

504 1988 613 2048 Liber
635 1989 658 2047 I.

446 2105 497 2171 De
518 2109 714 2172 testamentus.

162 2238 209 2295 De
231 2238 293 2308 filio
315 2237 448 2309 familias
470 2239 514 2296 oet
536 2239 708 2296 inducendo
731 2237 775 2296 oet
798 2237 1000 2297 ecbeedando.

164 2360 193 2423 1.
217 2357 287 2421 Gai.
302 2358 332 2439 2,
348 2356 420 2421 123.
442 2392 480 2403 -
502 2356 601 2440 ..qui
622 2355 725 2419 filium
744 2356 778 2420 in
795 2360 958 2438 potestate
976 2356 1084 2439 habet,

72 2470 184 2514 curare
209 2446 314 2530 debet,
337 2449 374 2509 ut
397 2466 469 2509 eum
495 2447 544 2509 vel
567 2444 715 2509 heredem
737 2445 889 2509 instituat
911 2446 961 2508 vel
984 2445 1084 2509 nomi-

72 2537 176 2602 natim
202 2535 387 2617 exheredet;
411 2534 552 2617 alioquin
576 2533 605 2597 si
627 2556 700 2598 eum
723 2533 853 2598 silentio
874 2533 1085 2618 praeterierit,

73 2626 235 2692 inutiliter
258 2624 446 2706 testabitur,
475 2622 554 2686 adeo
578 2622 720 2724 quidem,
749 2626 785 2686 ut
807 2622 913 2686 nostri
934 2643 1083 2706 praecep-

72 2719 162 2780 tores
194 2713 393 2794 existiment,
425 2711 552 2776 etiamsi
580 2711 654 2776 vivo
680 2716 774 2794 patre
801 2711 887 2775 filius
915 2710 1044 2776 defunct
1031 2714 1083 2776 tus

73 2806 129 2887 sit,
170 2802 332 2867 neminem
372 2762 522 2865 heredem
563 2820 602 2864 ex
641 2821 679 2864 eo
715 2803 910 2864 testamento
948 2801 1083 2864 existere

71 2914 183 2980 posse,
216 2891 293 2975 quia
325 2889 448 2955 scilicet
480 2889 555 2953 stat
545 2911 590 2953 im
618 2889 659 2954 ab
687 2885 780 2953 initio
808 2909 872 2952 non
901 2889 1084 2954 constiterit

71 2980 246 3047 institutio.

162 3071 193 3136 2.
214 3068 255 3133 D.
269 3068 322 3151 28,
337 3064 424 3150 2,3,’
432 3067 460 3132 6.
497 3064 586 3130 Idem
606 3062 767 3219 &siem
679 3063 857 3154 Ulpianus)
877 3065 961 3132 libro
980 3066 1083 3151 primo

74 3161 113 3225 ad
144 3157 301 3224 Sabinum
314 3119 378 3242 (P.
397 3118 578 3243 2433)-
753 3158 891 3220 testatus
923 3157 966 3221 sit
992 3158 1084 3238 pater

72 3249 229 3331 familias,
251 3251 290 3311 ut
314 3245 460 3330 aprime
485 3245 614 3328 quidem
637 3244 738 3327 gradu
760 3244 860 3308 filium
885 3248 978 3327 praet
964 3242 1084 3324 teriret,

73 3361 92 3402 a
121 3336 262 3402 secundo
292 3335 361 3399 solo
390 3333 611 3415 exheredaret,
639 3331 776 3397 Sabinus
805 3337 837 3397 et
865 3329 1059 3397 Cassius..

74 3433 132 3510 put
118 3430 191 3492 tant
208 3427 377 3510 perempto
393 3424 498 3506 primo
513 3422 859 3508 gradutestamentum
874 3423 966 3486 abeo
981 3379 1084 3504 gradu

77 3516 241 3582 exordium
266 3533 394 3596 capere,
415 3511 499 3577 unde
521 3511 606 3575 filius
630 3510 801 3575 exheredat
802 3533 840 3574 us
864 3516 921 3575 est.

837 3612 872 3668 3*
