2422 3976
392 167 417 217 6.
440 158 648 215 IAVOLEN'US
666 159 814 216 Pmscas
1041 159 1107 225 435

96 325 176 391 imur
192 329 224 390 et
237 322 448 389 Maecenatem
463 325 626 407 respondit,
644 325 674 389 si
690 345 796 389 oerum
812 325 980 389 divortium
990 322 1109 405 fuisset,

96 418 203 481 ratam
220 432 285 479 esse
300 414 505 493 donationem,
522 414 552 478 si
568 413 758 497 simulatum,
776 419 891 479 eontra.
935 415 990 478 sed
1004 433 1110 478 vermn

94 508 152 589 eet,
178 502 266 587 quod
285 501 436 567 Romulus
457 506 487 566 et
508 499 660 567 ancrtius
675 507 804 584 putant,
829 507 901 567 tuno
922 523 1027 567 oerum
1049 522 1111 568 esse

95 592 265 659 diuortium
291 594 321 655 et
346 591 445 656 valere
466 591 660 656 donationem
683 591 827 674 [divortii
848 611 944 656 eausa
964 590 1110 676 factamJ,

96 680 225 748 siaiiae
237 680 365 762 nuptiae
377 681 529 745 insecutae
541 684 615 745 sunt
626 684 683 745 aut
695 684 759 745 tam
774 680 861 763 tonpo
876 685 1005 762 tempore
1015 681 1112 745 oidua

95 768 217 853 ficisset,
238 773 276 833 at
296 768 424 835 dubiam
445 789 508 834 aon
528 767 609 850 foret
629 769 762 834 atterum
781 789 843 834 esse
861 770 1110 847 matrimonium

96 858 181 925 adias
202 877 258 923 nec
279 858 474 923 donationem
496 858 593 923 attius
615 878 677 923 esse
698 859 844 922 momenti
863 858 1015 938 futuram.

191 946 265 1013 139.
288 944 326 1012 D.
340 947 394 1028 24,
410 948 438 1030 1,
452 943 504 1011 65.
545 946 654 1011 Labeo
678 946 761 1010 libro
786 951 877 1012 sexto
896 946 1110 1030 posteriorum

98 1059 118 1101 a
136 1035 293 1100 Iavoleno
312 1037 572 1119 epitomatorum.
591 1072 634 1081 -
654 1035 741 1116 Quod
757 1037 807 1101 air
824 1037 861 1119 ei,
879 1057 958 1118 quae
974 1036 1111 1100 nondum

95 1126 268 1208 viripotens
295 1125 446 1209 nupserit,
472 1126 644 1209 donaverit,
672 1128 776 1188 ratum
796 1125 940 1204 futuram
962 1124 1111 1189 eristimo.

191 1212 266 1277 140.
289 1211 327 1277 D.
342 1213 394 1296 24,
408 1211 438 1296 3,
453 1213 495 1278 66
509 1236 556 1297 pr.
592 1211 765 1277 Iavolenus
783 1212 867 1279 libro
887 1216 978 1277 sexto
997 1234 1035 1276 ex
1054 1234 1111 1296 po-

99 1301 294 1369 sterioribus
306 1300 476 1366 Labeonis.
497 1337 536 1347 —
556 1301 600 1365 In
613 1302 662 1367 bis
676 1302 773 1384 rebus,
785 1322 863 1383 quas
871 1306 994 1383 praeter
1006 1321 1112 1366 nunu·

97 1395 206 1456 ratam
222 1391 389 1472 pecuniam
410 1391 474 1455 doti
495 1391 544 1454 oir
565 1390 661 1475 babet,
684 1392 789 1456 daiam
808 1391 927 1455 matum
944 1395 973 1455 et
989 1391 1112 1471 eritpam

98 1498 170 1545 eum
192 1483 353 1560 praestare
374 1484 508 1561 oportere
529 1478 655 1545 Servius
677 1482 731 1545 ait.
776 1501 813 1544 ea
834 1481 982 1545 sententia
1005 1478 1113 1543 Publii

98 1567 205 1634 Mucii
226 1571 285 1644 est,·
310 1588 386 1631 nam
408 1570 436 1633 is
458 1569 493 1632 in
515 1568 663 1633 licinaia
687 1568 820 1634 Grueebi
841 1589 936 1633 uaore
952 1567 1112 1652 ‚[statuit]‚

98 1656 184 1739 quod
207 1676 258 1721 res
283 1656 397 1721 dotatas
424 1659 459 1721 ia
485 1678 522 1721 ea
548 1659 707 1742 seditione,
732 1680 795 1740 qua
819 1657 977 1722 Gracchos
999 1658 1113 1722 oceism

99 1749 181 1829 arat,
203 1743 367 1827 perissent,
394 1746 449 1824 ait,
471 1747 547 1828 quia
572 1745 706 1811 Graecbi
727 1747 818 1828 eulpa
840 1767 877 1811 ea
898 1748 1005 1812 seditio
1026 1746 1112 1825 facta

99 1838 187 1912 asset,
210 1833 375 1898 Iicinrdae
389 1836 549 1916 praestat
570 1840 711 1916 oportere.

193 1921 266 1986 141.
290 1920 328 1986 D.
341 1921 416 1987 ibid.
435 1925 454 2003 ξ
471 1925 499 1990 1.
526 1959 563 1968 -
590 1921 693 1990 Seruis
715 1925 822 1989 mamis
844 1926 892 1988 air
914 1944 1056 1989 nummos
1077 1923 1113 1987 in

99 2011 281 2078 vestarium
307 2012 441 2095 dederat,
468 2032 527 2093 quo
550 2018 663 2093 parato
690 2014 797 2078 diade
821 2014 906 2077 intra
928 2033 1046 2078 anuum
1068 2012 1113 2075 di-

100 2101 234 2166 aortium
260 2100 475 2165 intercesserat.
515 2103 637 2182 placuit
661 2102 798 2167 Labeoni
823 2102 977 2173 Trebatio,
1004 2100 1113 2181 quatio

101 2189 279 2255 uestimenta
294 2193 369 2270 post
389 2190 554 2254 divortium
577 2195 686 2273 essent,
715 2191 794 2256 tatia
815 2193 880 2255 oiro
903 2192 1004 2267 reddi;
1033 2191 1113 2253 idem

100 2278 182 2344 iuris
206 2276 352 2358 futuam
376 2277 486 2361 faisse,
512 2280 542 2344 si
567 2280 637 2361 ipsa
663 2282 840 2345 vestimenta
866 2280 915 2343 oir
941 2280 1060 2344 emisset
1085 2281 1114 2341 et

100 2367 196 2433 samis
218 2366 347 2431 dedisset
368 2364 467 2450 [quod
487 2368 516 2433 si
537 2369 714 2434 uestimenta
736 2389 798 2434 non
820 2369 1024 2445 redderentur,
1047 2371 1112 2431 tum

101 2456 206 2521 airum
224 2456 359 2537 pretium
382 2457 417 2519 in
439 2457 505 2521 dote
527 2457 820 2541 compensaturum]

193 2544 267 2608 142.
290 2542 328 2608 D.
347 2543 423 2607 ibid.
442 2545 506 2625 §2
532 2583 567 2592 -
595 2547 685 2611 Filia
710 2547 853 2626 familias
878 2544 1008 2609 diuortio
1028 2541 1111 2624 facto

104 2634 200 2698 dotem
221 2633 312 2714 patri
338 2633 426 2697 reddi
448 2635 595 2710 iusserat·
621 2637 729 2700 deinde
745 2639 836 2717 parte
858 2635 936 2698 dotis
953 2632 1112 2714 persoluta

100 2725 190 2803 poter
216 2722 387 2786 decesserat.
433 2722 585 2804 reliquam
604 2728 741 2806 portem,
767 2725 796 2788 si
822 2743 875 2788 nee
902 2723 1036 2804 detepata
1060 2740 1114 2785 nec

99 2810 256 2893 mamaea
287 2807 442 2892 [novandi
472 2811 596 2895 animo]
621 2814 710 2894 patri
733 2814 856 2893 fuisset,
887 2811 1012 2875 mulieri
1038 2810 1114 2875 sotei

102 2899 205 2965 debere
227 2897 328 2963 Labeo
353 2899 514 2965 Trebatius
530 2905 658 2984 putant,
680 2902 770 2983 idque
791 2920 895 2965 oerum
918 2904 968 2965 ast.

195 2986 266 3053 143.
289 2985 328 3051 D.
342 2987 419 3052 ibid.
432 2989 453 3068 ὅ
467 2988 496 3051 3.
521 3026 562 3034 -
586 2991 751 3070 Manapia
773 2991 808 3054 in
830 2990 928 3053 dotem
950 2990 1113 3054 aestimata

102 3077 251 3159 accepisti.
297 3081 424 3158 pactum
451 3082 628 3142 conventum
655 3080 761 3143 deinde
781 3079 900 3158 factum
922 3083 980 3160 est,
1012 3082 1048 3141 at
1069 3077 1114 3140 di-

102 3166 198 3230 aortio
226 3164 309 3245 facta
341 3167 488 3230 tantidem
514 3168 684 3251 aestimata
712 3169 850 3233 redderes
877 3187 930 3231 nec
956 3168 992 3230 de
1017 3169 1113 3247 partu

103 3254 254 3319 dotatium
280 3254 468 3319 ancillarum
494 3257 606 3321 mentio
630 3256 716 3337 facta
743 3263 793 3323 est.
838 3255 984 3333 manebit,
1012 3253 1114 3335 inquit

103 3341 219 3425 labeo,
237 3347 354 3423 partus
381 3347 465 3427 tuus,
492 3345 569 3426 qaia
595 3346 704 3428 ispro
728 3346 865 3426 periculo
886 3344 1114 3425 mancipiorum

98 3448 192 3512 penes
214 3434 241 3494 te
263 3450 324 3496 esse
345 3431 467 3496 deberet.

195 3519 267 3584 144.
296 3518 333 3583 D.
352 3520 428 3584 ibid.
447 3523 467 3602 ξ
485 3522 515 3586 4.
544 3560 584 3568 -
613 3523 745 3608 Mulier,
777 3547 855 3608 quae
885 3531 1006 3592 caetum
1036 3529 1121 3591 datis

854 3630 913 3687 28*
