2422 3976
95 191 161 256 384
196 188 874 247 v.NsRvsnsrrne1AN1TEMP.1uffls
894 187 1077 245 CONSULTI

94 355 198 440 tegris
222 353 372 419 omnibus
396 374 554 418 consensu
578 373 698 436 eorum,
721 354 777 438 qui
800 352 886 418 inter
909 373 944 418 se
967 353 1105 439 obligati

95 444 169 528 sint,
192 443 297 508 recedi
319 443 444 544 possit,
457 442 590 507 dubium
608 463 674 506 non
693 447 752 506 est.
793 439 942 506 Aristoni
959 442 1024 508 hoc
1042 465 1107 508 am·

94 532 181 618 plius
208 531 338 597 videbat
324 536 390 616 tur,
418 531 446 597 si
473 551 527 614 ea,
555 552 637 616 quae
665 552 716 594 me
744 534 914 615 exempto
938 535 1105 615 praestare

93 621 157 685 tibi
180 625 356 705 oporteret,
384 620 622 704 praestitissem
646 624 776 685 etcum
799 622 836 683 tu
858 619 941 684 mihi
965 621 1104 704 pretium

95 709 243 793 deberes,
271 711 475 774 convenisset
502 709 583 773 mihi
606 711 722 791 tecum,
745 711 782 772 ut
804 729 916 772 rursus
939 710 1103 794 praestitis

95 798 176 863 mihi
200 821 219 863 a
242 801 274 862 te
297 798 332 862 in
355 819 389 862 re
413 797 545 862 vendita
569 797 729 881 omnibus,
753 817 835 881 quae
858 817 919 882 ego
938 797 1002 863 tibi
1019 820 1102 884 prae

95 887 260 971 stitissem,
282 887 423 970 pretium
446 886 528 950 mihi
545 906 611 951 non
630 885 723 950 dares
741 888 841 971 tuque
859 886 942 950 mihi
961 907 1001 952 ea
1018 908 1100 972 prae

95 974 234 1041 stitisses
239 976 412 1062 ,pretium
435 979 468 1040 te
491 974 605 1039 debere
625 973 781 1076 desinere,
804 973 880 1059 quia
899 975 1005 1040 bonae
1023 976 1099 1058 fidei,

94 1065 134 1129 ad
163 1087 260 1150 quam
289 1065 397 1130 omnia
424 1063 504 1128 haec
532 1063 684 1148 redigunt
684 1084 801 1147 ur,m
771 1064 997 1148 terpretatio
1023 1065 1098 1129 hanc

95 1175 221 1240 quoque
240 1153 488 1219 conventionem
507 1152 658 1217 admittit.
694 1173 752 1217 nec
771 1151 945 1237 quicquam
961 1153 1096 1236 interest,

94 1247 205 1308 utrum
236 1242 373 1327 integris
406 1240 570 1324 omn1bus,
602 1240 636 1304 in
668 1263 748 1321 quae
781 1240 921 1325 obligati
953 1262 1095 1324 essemus,

95 1331 291 1414 conveniret,
314 1335 350 1394 ut
373 1330 414 1394 ab
438 1351 476 1395 eo
498 1330 631 1414 negotio
654 1328 879 1414 discederetur,
903 1352 946 1395 an
969 1331 1004 1396 in
1025 1331 1093 1395 inte·

95 1440 189 1503 grum
212 1382 372 1484 restitutis
394 1418 461 1502 his,
486 1439 568 1504 quae
592 1437 653 1502 ego
676 1418 739 1482 tibi
761 1419 1010 1507 praestitissem,
1029 1441 1092 1485 ccr-

95 1510 302 1590 sentiremus,
324 1530 364 1572 ne
388 1508 464 1592 quid
486 1511 523 1571 tu
546 1507 626 1571 mihi
650 1529 687 1572 eo
710 1507 841 1571 nomine
863 1513 1052 1591 praestares.
1132 1516 1134 1527 '

183 1602 219 1663 cf.
238 1603 275 1663 D.
291 1605 320 1679 2,
336 1604 386 1675 14,
402 1605 431 1679 7,
447 1604 475 1662 6.
511 1600 659 1676 Ulpianus
681 1601 758 1661 libro
779 1604 888 1676 quarto
907 1601 947 1661 ad
965 1603 1088 1676 edictum,

95 1685 152 1750 ‘wo
179 1694 256 1749 trotz
280 1691 370 1749 allem
392 1690 468 1749 doch
494 1690 573 1749 wohl
596 1690 782 1765 exceptiones
805 1690 1032 1751 beizubehalten
1051 1690 1090 1763 ist,

95 1779 248 1841 vielleicht
270 1779 346 1839 nach
370 1772 511 1839 Aristo'.'
539 1778 663 1838 Pernice
686 1771 731 1838 H5³
753 1799 781 1855 p.
799 1780 860 1839 187
885 1798 914 1838 ιι.
929 1781 960 1840 3.

184 1879 236 1945 32.
266 1880 304 1944 D.
327 1880 377 1964 18,
396 1879 472 1964 5,1.
515 1878 714 1964 Pomponius
737 1879 820 1945 libro
844 1881 959 1964 quinto
984 1880 1088 1947 decimo

96 1971 135 2034 ad
173 1966 331 2034 Sabinum
368 1967 419 2051 (P.
439 1967 542 2052 61512).
577 2006 615 2015 —
744 1966 855 2033 Aristo
894 1968 976 2034 dixit
1010 1987 1088 2054 posse

95 2058 153 2142 (sc
170 2059 332 2142 emptione
352 2057 538 2122 venditione
558 2054 739 2143 contracta)
753 2058 800 2122 ita
818 2057 949 2141 pacisci,
968 2064 1004 2124 ut
1021 2077 1087 2122 unus

95 2151 224 2213 maneat
247 2147 455 2232 obligatus..

182 2241 339 2316 Pomponii
365 2241 453 2315 plena
480 2241 572 2299 verba
600 2244 683 2299 sunt·
711 2234 803 2316 quod
830 2240 987 2301 Arist.0.
1008 2238 1085 2301 ,obli-

95 2335 196 2410 gatus,
224 2349 283 2389 non
308 2333 353 2388 est
375 2348 492 2402 verum,
518 2330 631 2405 quia.

492 2483 543 2549 De
564 2485 700 2549 societate

184 2593 236 2657 33.
259 2591 298 2655 D.
315 2592 366 2673 17,
380 2592 410 2673 2,
425 2591 477 2674 29,
491 2592 520 2655 2.
562 2590 719 2675 Ulpianus
743 2591 827 2655 libro
851 2590 1041 2677 trigensimo
1058 2583 1087 2651 ad

96 2679 251 2745 Sabinum
276 2679 324 2763 (P.
345 2677 455 2763 2742).
483 2715 520 2726 -
546 2680 655 2744 Aristo
681 2678 780 2743 refert
804 2677 953 2745 Cassium
976 2697 1087 2764 respon·

96 2768 181 2832 disse
200 2769 387 2834 societatem
405 2768 505 2831 talem
525 2768 604 2832 coiri
622 2789 687 2832 non
705 2790 811 2852 posse,
830 2774 867 2832 ut
884 2768 968 2834 alter
981 2770 1086 2834 lucrum

95 2855 229 2941 lotum¹,
262 2858 343 2921 alter
375 2856 528 2920 damnum
561 2857 708 2935 sentiret,
741 2860 775 2921 et
802 2855 886 2922 hanc
917 2860 1085 2924 societatem

96 2945 259 3010 leoninam
282 2946 415 3010 solitum
440 2945 611 3028 appellare.

459 3122 507 3188 De
529 3124 597 3187 c‘cre
619 3123 741 3188 dotium.

184 3229 237 3293 34.
262 3228 301 3291 Ι).
321 3230 372 3310 23,
392 3230 421 3312 3,
441 3230 492 3294 20.
538 3228 657 3293 Paulus
680 3230 764 3294 libro
789 3231 928 3311 septimo
952 3232 991 3296 ad
1013 3223 1083 3295 Sabi·

95 3338 173 3380 num
196 3314 369 3402 (P.1756).
392 3355 435 3364 —
459 3318 603 3382 lulianus
623 3318 738 3382 scribit
757 3319 865 3383 valere
883 3320 984 3385 talem
1003 3319 1083 3400 stipu·

95 3404 250 3470 lationem
270 3404 354 3470 ‘cum
378 3407 533 3490 morieris,
556 3407 643 3472 dotis
667 3407 799 3472 nomine
817 3412 870 3473 tot
889 3409 992 3474 dari'?
1025 3402 1083 3490 quis

168 3567 181 3613 1
202 3562 248 3616 Fl.
268 3565 387 3618 tantum.
