<?xml version="1.0" encoding="UTF-8"?>
<!DOCTYPE html PUBLIC "-//W3C//DTD XHTML 1.0 Transitional//EN"
    "http://www.w3.org/TR/xhtml1/DTD/xhtml1-transitional.dtd">
<html xmlns="http://www.w3.org/1999/xhtml" xml:lang="en" lang="en">
 <head>
  <title>
</title>
<meta http-equiv="Content-Type" content="text/html;charset=utf-8" />
  <meta name='ocr-system' content='tesseract 3.04.00' />
  <meta name='ocr-capabilities' content='ocr_page ocr_carea ocr_par ocr_line ocrx_word'/>
</head>
<body>
  <div class='ocr_page' id='page_1' title='image "./iurisprudentiae01bremgoog_0233.png"; bbox 0 0 2422 3976; ppageno 0'>
   <div class='ocr_carea' id='block_1_1' title="bbox 140 856 1061 1189">
    <p class='ocr_par' dir='ltr' id='par_1_1' title="bbox 140 856 1061 1189">
     <span class='ocr_line' id='line_1_1' title="bbox 140 856 1061 958; baseline 0.004 -3"><span class='ocrx_word' id='word_1_1' title='bbox 140 857 214 957; x_wconf 88' lang='lat' dir='ltr'>IV.</span> <span class='ocrx_word' id='word_1_2' title='bbox 256 856 596 957; x_wconf 81' lang='lat' dir='ltr'><strong>VESPASIANI</strong></span> <span class='ocrx_word' id='word_1_3' title='bbox 628 857 739 956; x_wconf 80' lang='lat' dir='ltr'><strong>&#39;IIII</strong></span> <span class='ocrx_word' id='word_1_4' title='bbox 772 857 1061 958; x_wconf 81' lang='lat' dir='ltr'><strong>DOMITIANI</strong></span> 
     </span>
     <span class='ocr_line' id='line_1_2' title="bbox 206 1033 999 1189; baseline 0.005 -57"><span class='ocrx_word' id='word_1_5' title='bbox 206 1035 509 1189; x_wconf 81' lang='lat' dir='ltr'>TEMPORUM</span> <span class='ocrx_word' id='word_1_6' title='bbox 540 1033 688 1134; x_wconf 78' lang='lat' dir='ltr'><strong>IURIS</strong></span> <span class='ocrx_word' id='word_1_7' title='bbox 722 1035 999 1136; x_wconf 82' lang='lat' dir='ltr'><strong>OONSUL&#39;II.</strong></span> 
     </span>
    </p>
   </div>
   <div class='ocr_carea' id='block_1_2' title="bbox 93 1246 1090 1531">
    <p class='ocr_par' dir='ltr' id='par_1_2' title="bbox 93 1246 1090 1531">
     <span class='ocr_line' id='line_1_3' title="bbox 97 1246 1090 1316; baseline -0.002 -12"><span class='ocrx_word' id='word_1_8' title='bbox 97 1255 121 1303; x_wconf 90' lang='lat'>1.</span> <span class='ocrx_word' id='word_1_9' title='bbox 141 1246 281 1304; x_wconf 85' lang='lat' dir='ltr'>Servilius.</span> <span class='ocrx_word' id='word_1_10' title='bbox 301 1278 334 1288; x_wconf 90' lang='lat'><em>-</em></span> <span class='ocrx_word' id='word_1_11' title='bbox 354 1253 379 1302; x_wconf 79' lang='lat'>2.</span> <span class='ocrx_word' id='word_1_12' title='bbox 398 1246 530 1316; x_wconf 77' lang='lat' dir='ltr'><strong>Pegasus.</strong></span> <span class='ocrx_word' id='word_1_13' title='bbox 551 1277 582 1286; x_wconf 95' lang='lat'><em>-</em></span> <span class='ocrx_word' id='word_1_14' title='bbox 602 1251 627 1302; x_wconf 79' lang='lat'>8.</span> <span class='ocrx_word' id='word_1_15' title='bbox 648 1247 815 1303; x_wconf 77' lang='lat' dir='ltr'>chavcnus.</span> <span class='ocrx_word' id='word_1_16' title='bbox 829 1278 863 1289; x_wconf 97' lang='lat'>-</span> <span class='ocrx_word' id='word_1_17' title='bbox 877 1253 904 1302; x_wconf 83' lang='lat'>4.</span> <span class='ocrx_word' id='word_1_18' title='bbox 923 1248 1090 1304; x_wconf 71' lang='lat' dir='ltr'>Plautina-</span> 
     </span>
     <span class='ocr_line' id='line_1_4' title="bbox 95 1317 1089 1391; baseline -0.002 -17"><span class='ocrx_word' id='word_1_19' title='bbox 95 1325 120 1374; x_wconf 80' lang='grc'>6.</span> <span class='ocrx_word' id='word_1_20' title='bbox 153 1318 279 1374; x_wconf 80' lang='lat' dir='ltr'>Aufidius</span> <span class='ocrx_word' id='word_1_21' title='bbox 307 1318 400 1374; x_wconf 82' lang='lat' dir='ltr'>Chius.</span> <span class='ocrx_word' id='word_1_22' title='bbox 430 1348 464 1359; x_wconf 98' lang='lat'>-</span> <span class='ocrx_word' id='word_1_23' title='bbox 494 1323 519 1374; x_wconf 87' lang='grc'>6.</span> <span class='ocrx_word' id='word_1_24' title='bbox 551 1317 730 1374; x_wconf 80' lang='lat' dir='ltr'>Puteolanus.</span> <span class='ocrx_word' id='word_1_25' title='bbox 759 1350 793 1360; x_wconf 90' lang='lat'>—</span> <span class='ocrx_word' id='word_1_26' title='bbox 822 1325 846 1375; x_wconf 77' lang='lat' dir='ltr'>l.</span> <span class='ocrx_word' id='word_1_27' title='bbox 877 1319 1039 1391; x_wconf 80' lang='lat' dir='ltr'>Campanus.</span> <span class='ocrx_word' id='word_1_28' title='bbox 1061 1339 1089 1354; x_wconf 84' lang='lat'>-·</span> 
     </span>
     <span class='ocr_line' id='line_1_5' title="bbox 93 1386 1088 1531; baseline -0.008 -86"><span class='ocrx_word' id='word_1_29' title='bbox 93 1396 123 1445; x_wconf 93' lang='lat'>8.</span> <span class='ocrx_word' id='word_1_30' title='bbox 151 1389 287 1446; x_wconf 82' lang='lat' dir='ltr'>Vivianus</span> <span class='ocrx_word' id='word_1_31' title='bbox 306 1419 340 1430; x_wconf 89' lang='lat'><em>-</em></span> <span class='ocrx_word' id='word_1_32' title='bbox 365 1394 390 1444; x_wconf 86' lang='grc'>9.</span> <span class='ocrx_word' id='word_1_33' title='bbox 420 1387 530 1443; x_wconf 85' lang='lat' dir='ltr'>Caelius</span> <span class='ocrx_word' id='word_1_34' title='bbox 546 1389 688 1531; x_wconf 55' lang='lat' dir='ltr'>(gppeigns.</span> <span class='ocrx_word' id='word_1_35' title='bbox 713 1421 750 1430; x_wconf 94' lang='lat'>-</span> <span class='ocrx_word' id='word_1_36' title='bbox 773 1396 815 1446; x_wconf 91' lang='lat'>10.</span> <span class='ocrx_word' id='word_1_37' title='bbox 843 1389 988 1446; x_wconf 73' lang='lat' dir='ltr'>Iuventius</span> <span class='ocrx_word' id='word_1_38' title='bbox 1009 1386 1088 1444; x_wconf 85' lang='lat' dir='ltr'>Celsus</span> 
     </span>
    </p>
   </div>
   <div class='ocr_carea' id='block_1_3' title="bbox 440 1678 765 1761">
    <p class='ocr_par' dir='ltr' id='par_1_3' title="bbox 440 1678 765 1761">
     <span class='ocr_line' id='line_1_6' title="bbox 440 1678 765 1761; baseline -0.028 -1"><span class='ocrx_word' id='word_1_39' title='bbox 440 1680 479 1761; x_wconf 92' lang='grc'>1.</span> <span class='ocrx_word' id='word_1_40' title='bbox 519 1678 765 1756; x_wconf 80' lang='lat' dir='ltr'><strong>SERVILIUS</strong></span> 
     </span>
    </p>
   </div>
   <div class='ocr_carea' id='block_1_4' title="bbox 93 1826 1087 2190">
    <p class='ocr_par' dir='ltr' id='par_1_4' title="bbox 93 1826 1087 2190">
     <span class='ocr_line' id='line_1_7' title="bbox 182 1826 1087 1921; baseline -0.003 -20"><span class='ocrx_word' id='word_1_41' title='bbox 182 1842 385 1920; x_wconf 85' lang='lat' dir='ltr'>iurisperitus</span> <span class='ocrx_word' id='word_1_42' title='bbox 399 1864 418 1905; x_wconf 85' lang='lat' dir='ltr'>a</span> <span class='ocrx_word' id='word_1_43' title='bbox 432 1840 572 1906; x_wconf 75' lang='lat' dir='ltr'>Terentio</span> <span class='ocrx_word' id='word_1_44' title='bbox 586 1842 739 1904; x_wconf 75' lang='lat' dir='ltr'>Clemente</span> <span class='ocrx_word' id='word_1_45' title='bbox 752 1840 905 1921; x_wconf 77' lang='lat' dir='ltr'>laudatus,</span> <span class='ocrx_word' id='word_1_46' title='bbox 920 1843 972 1919; x_wconf 91' lang='lat' dir='ltr'>qui</span> <span class='ocrx_word' id='word_1_47' title='bbox 986 1826 1087 1901; x_wconf 80' lang='lat' dir='ltr'>Proculi</span> 
     </span>
     <span class='ocr_line' id='line_1_8' title="bbox 95 1919 1087 2012; baseline -0.001 -22"><span class='ocrx_word' id='word_1_48' title='bbox 95 1931 275 1992; x_wconf 75' lang='lat' dir='ltr'>sententiam</span> <span class='ocrx_word' id='word_1_49' title='bbox 306 1933 412 2012; x_wconf 79' lang='lat' dir='ltr'><strong>refert,</strong></span> <span class='ocrx_word' id='word_1_50' title='bbox 448 1937 581 1995; x_wconf 79' lang='lat' dir='ltr'>cetorum</span> <span class='ocrx_word' id='word_1_51' title='bbox 611 1929 698 1993; x_wconf 92' lang='lat' dir='ltr'>nobis</span> <span class='ocrx_word' id='word_1_52' title='bbox 729 1931 860 2008; x_wconf 76' lang='lat' dir='ltr'>ignotus.</span> <span class='ocrx_word' id='word_1_53' title='bbox 915 1932 1037 1992; x_wconf 78' lang='lat' dir='ltr'>fortusse</span> <span class='ocrx_word' id='word_1_54' title='bbox 1062 1919 1087 1979; x_wconf 68' lang='lat'>51²</span> 
     </span>
     <span class='ocr_line' id='line_1_9' title="bbox 93 2016 1086 2100; baseline -0.006 -21"><span class='ocrx_word' id='word_1_55' title='bbox 93 2039 217 2080; x_wconf 86' lang='lat' dir='ltr'>numero</span> <span class='ocrx_word' id='word_1_56' title='bbox 241 2040 342 2084; x_wconf 89' lang='lat' dir='ltr'>sorum</span> <span class='ocrx_word' id='word_1_57' title='bbox 366 2023 546 2100; x_wconf 81' lang='lat' dir='ltr'>scriptorum</span> <span class='ocrx_word' id='word_1_58' title='bbox 568 2020 723 2082; x_wconf 87' lang='lat' dir='ltr'>habendus</span> <span class='ocrx_word' id='word_1_59' title='bbox 745 2023 801 2096; x_wconf 77' lang='lat' dir='ltr'>cst,</span> <span class='ocrx_word' id='word_1_60' title='bbox 824 2019 877 2096; x_wconf 91' lang='lat' dir='ltr'>qui</span> <span class='ocrx_word' id='word_1_61' title='bbox 896 2016 1086 2098; x_wconf 77' lang='lat' dir='ltr'>principalium</span> 
     </span>
     <span class='ocr_line' id='line_1_10' title="bbox 95 2105 778 2190; baseline 0 -24"><span class='ocrx_word' id='word_1_62' title='bbox 95 2108 169 2169; x_wconf 87' lang='lat' dir='ltr'>iuris</span> <span class='ocrx_word' id='word_1_63' title='bbox 193 2105 397 2171; x_wconf 79' lang='lat' dir='ltr'>consultorum</span> <span class='ocrx_word' id='word_1_64' title='bbox 418 2130 563 2188; x_wconf 84' lang='lat' dir='ltr'>responsa</span> <span class='ocrx_word' id='word_1_65' title='bbox 585 2111 778 2190; x_wconf 81' lang='lat' dir='ltr'>collegerunt.</span> 
     </span>
    </p>
   </div>
   <div class='ocr_carea' id='block_1_5' title="bbox 516 2287 685 2350">
    <p class='ocr_par' dir='ltr' id='par_1_5' title="bbox 516 2287 685 2350">
     <span class='ocr_line' id='line_1_11' title="bbox 516 2287 685 2350; baseline -0.018 0"><span class='ocrx_word' id='word_1_66' title='bbox 516 2336 522 2350; x_wconf 91' lang='lat'>.</span> <span class='ocrx_word' id='word_1_67' title='bbox 537 2330 567 2350; x_wconf 87' lang='lat'>..</span> <span class='ocrx_word' id='word_1_68' title='bbox 590 2287 685 2348; x_wconf 82' lang='lat' dir='ltr'>libri</span> 
     </span>
    </p>
   </div>
   <div class='ocr_carea' id='block_1_6' title="bbox 417 2397 783 2464">
    <p class='ocr_par' dir='ltr' id='par_1_6' title="bbox 417 2397 783 2464">
     <span class='ocr_line' id='line_1_12' title="bbox 417 2397 783 2464; baseline -0.005 -1"><span class='ocrx_word' id='word_1_69' title='bbox 417 2398 467 2463; x_wconf 86' lang='lat' dir='ltr'>Dc</span> <span class='ocrx_word' id='word_1_70' title='bbox 490 2399 666 2464; x_wconf 67' lang='lat' dir='ltr'>locatorum</span> <span class='ocrx_word' id='word_1_71' title='bbox 688 2397 783 2462; x_wconf 78' lang='lat' dir='ltr'>bouis.</span> 
     </span>
    </p>
   </div>
   <div class='ocr_carea' id='block_1_7' title="bbox 93 2483 1085 3207">
    <p class='ocr_par' dir='ltr' id='par_1_7' title="bbox 93 2483 1085 3207">
     <span class='ocr_line' id='line_1_13' title="bbox 182 2483 1084 2589; baseline -0.003 -22"><span class='ocrx_word' id='word_1_72' title='bbox 182 2503 355 2588; x_wconf 79' lang='lat' dir='ltr'><strong>D.37,14‚</strong></span> <span class='ocrx_word' id='word_1_73' title='bbox 372 2506 421 2570; x_wconf 87' lang='grc'>10.</span> <span class='ocrx_word' id='word_1_74' title='bbox 465 2504 633 2569; x_wconf 78' lang='lat' dir='ltr'>Terentius</span> <span class='ocrx_word' id='word_1_75' title='bbox 659 2501 810 2569; x_wconf 79' lang='lat' dir='ltr'>Clemens</span> <span class='ocrx_word' id='word_1_76' title='bbox 837 2501 921 2568; x_wconf 90' lang='lat' dir='ltr'>libro</span> <span class='ocrx_word' id='word_1_77' title='bbox 952 2520 1032 2567; x_wconf 91' lang='lat' dir='ltr'>nono</span> <span class='ocrx_word' id='word_1_78' title='bbox 1055 2483 1084 2589; x_wconf 57' lang='lat' dir='ltr'>ld</span> 
     </span>
     <span class='ocr_line' id='line_1_14' title="bbox 94 2583 1084 2680; baseline -0.005 -25"><span class='ocrx_word' id='word_1_79' title='bbox 94 2592 199 2676; x_wconf 82' lang='lat' dir='ltr'>Iegem</span> <span class='ocrx_word' id='word_1_80' title='bbox 222 2591 340 2659; x_wconf 87' lang='lat' dir='ltr'>Iuliam</span> <span class='ocrx_word' id='word_1_81' title='bbox 368 2598 401 2658; x_wconf 79' lang='lat' dir='ltr'>et</span> <span class='ocrx_word' id='word_1_82' title='bbox 423 2592 558 2677; x_wconf 81' lang='lat' dir='ltr'>Papiam</span> <span class='ocrx_word' id='word_1_83' title='bbox 583 2591 632 2680; x_wconf 91' lang='lat' dir='ltr'>(P.</span> <span class='ocrx_word' id='word_1_84' title='bbox 647 2589 715 2679; x_wconf 78' lang='lat'>22).</span> <span class='ocrx_word' id='word_1_85' title='bbox 736 2629 782 2639; x_wconf 98' lang='lat'>—</span> <span class='ocrx_word' id='word_1_86' title='bbox 804 2591 888 2655; x_wconf 83' lang='lat' dir='ltr'>Eum</span> <span class='ocrx_word' id='word_1_87' title='bbox 913 2590 969 2675; x_wconf 91' lang='lat' dir='ltr'>qui</span> <span class='ocrx_word' id='word_1_88' title='bbox 992 2583 1084 2672; x_wconf 76' lang='lat' dir='ltr'>capitu</span> 
     </span>
     <span class='ocr_line' id='line_1_15' title="bbox 93 2679 1084 2763; baseline -0.003 -20"><span class='ocrx_word' id='word_1_89' title='bbox 93 2686 262 2763; x_wconf 78' lang='lat' dir='ltr'>paternum</span> <span class='ocrx_word' id='word_1_90' title='bbox 298 2679 468 2746; x_wconf 85' lang='lat' dir='ltr'>libertum1</span> <span class='ocrx_word' id='word_1_91' title='bbox 507 2686 699 2763; x_wconf 76' lang='lat' dir='ltr'><strong>accusasset,</strong></span> <span class='ocrx_word' id='word_1_92' title='bbox 737 2679 862 2744; x_wconf 76' lang='lat' dir='ltr'>excludi</span> <span class='ocrx_word' id='word_1_93' title='bbox 898 2702 917 2744; x_wconf 90' lang='lat' dir='ltr'>a</span> <span class='ocrx_word' id='word_1_94' title='bbox 949 2680 1084 2744; x_wconf 74' lang='lat' dir='ltr'>bonorum</span> 
     </span>
     <span class='ocr_line' id='line_1_16' title="bbox 94 2758 1085 2854; baseline -0.005 -22"><span class='ocrx_word' id='word_1_95' title='bbox 94 2769 298 2851; x_wconf 84' lang='lat' dir='ltr'>possessione</span> <span class='ocrx_word' id='word_1_96' title='bbox 322 2774 434 2834; x_wconf 76' lang='lat' dir='ltr'>contra</span> <span class='ocrx_word' id='word_1_97' title='bbox 453 2771 581 2835; x_wconf 77' lang='lat' dir='ltr'>tabulas</span> <span class='ocrx_word' id='word_1_98' title='bbox 601 2770 730 2854; x_wconf 77' lang='lat' dir='ltr'>placuit.</span> <span class='ocrx_word' id='word_1_99' title='bbox 772 2768 881 2832; x_wconf 80' lang='lat' dir='ltr'>Labeo</span> <span class='ocrx_word' id='word_1_100' title='bbox 902 2758 1085 2833; x_wconf 66' lang='lat' dir='ltr'>existimabat</span> 
     </span>
     <span class='ocr_line' id='line_1_17' title="bbox 94 2841 1084 2943; baseline -0.005 -24"><span class='ocrx_word' id='word_1_101' title='bbox 94 2857 210 2939; x_wconf 84' lang='lat' dir='ltr'>capitis</span> <span class='ocrx_word' id='word_1_102' title='bbox 234 2859 472 2923; x_wconf 74' lang='lat' dir='ltr'>accusationem</span> <span class='ocrx_word' id='word_1_103' title='bbox 496 2882 567 2924; x_wconf 90' lang='lat' dir='ltr'>eam</span> <span class='ocrx_word' id='word_1_104' title='bbox 591 2879 671 2943; x_wconf 86' lang='lat' dir='ltr'>esse,</span> <span class='ocrx_word' id='word_1_105' title='bbox 696 2858 785 2922; x_wconf 89' lang='lat' dir='ltr'>cuius</span> <span class='ocrx_word' id='word_1_106' title='bbox 807 2879 916 2942; x_wconf 85' lang='lat' dir='ltr'>poena</span> <span class='ocrx_word' id='word_1_107' title='bbox 939 2875 1024 2922; x_wconf 88' lang='lat' dir='ltr'>mors</span> <span class='ocrx_word' id='word_1_108' title='bbox 1043 2841 1084 2914; x_wconf 73' lang='lat' dir='ltr'>aui</span> 
     </span>
     <span class='ocr_line' id='line_1_18' title="bbox 95 2936 1083 3031; baseline -0.006 -24"><span class='ocrx_word' id='word_1_109' title='bbox 95 2945 224 3008; x_wconf 84' lang='lat' dir='ltr'>exilium</span> <span class='ocrx_word' id='word_1_110' title='bbox 253 2951 346 3010; x_wconf 78' lang='lat' dir='ltr'>essct.</span> <span class='ocrx_word' id='word_1_111' title='bbox 396 2947 452 3031; x_wconf 90' lang='lat' dir='ltr'>qui</span> <span class='ocrx_word' id='word_1_112' title='bbox 478 2969 595 3011; x_wconf 91' lang='lat' dir='ltr'>nomen</span> <span class='ocrx_word' id='word_1_113' title='bbox 624 2946 754 3029; x_wconf 74' lang='lat' dir='ltr'>detulit,</span> <span class='ocrx_word' id='word_1_114' title='bbox 787 2967 955 3011; x_wconf 84' lang='lat' dir='ltr'>accusasse</span> <span class='ocrx_word' id='word_1_115' title='bbox 982 2936 1083 3008; x_wconf 77' lang='lat' dir='ltr'>intelle</span> 
     </span>
     <span class='ocr_line' id='line_1_19' title="bbox 95 3023 1083 3119; baseline -0.007 -21"><span class='ocrx_word' id='word_1_116' title='bbox 95 3034 217 3119; x_wconf 83' lang='lat' dir='ltr'>gendos</span> <span class='ocrx_word' id='word_1_117' title='bbox 237 3039 294 3118; x_wconf 81' lang='lat' dir='ltr'>esi,</span> <span class='ocrx_word' id='word_1_118' title='bbox 314 3035 378 3100; x_wconf 91' lang='lat' dir='ltr'>nisi</span> <span class='ocrx_word' id='word_1_119' title='bbox 397 3036 607 3100; x_wconf 83' lang='lat' dir='ltr'>abolitionem</span> <span class='ocrx_word' id='word_1_120' title='bbox 622 3034 714 3119; x_wconf 77' lang='lat' dir='ltr'>petit.</span> <span class='ocrx_word' id='word_1_121' title='bbox 741 3034 837 3119; x_wconf 90' lang='lat' dir='ltr'>idque</span> <span class='ocrx_word' id='word_1_122' title='bbox 854 3035 955 3101; x_wconf 75' lang='lat' dir='ltr'>etiam</span> <span class='ocrx_word' id='word_1_123' title='bbox 969 3023 1083 3098; x_wconf 77' lang='lat' dir='ltr'>Proculo</span> 
     </span>
     <span class='ocr_line' id='line_1_20' title="bbox 94 3122 564 3207; baseline 0.009 -21"><span class='ocrx_word' id='word_1_124' title='bbox 94 3123 257 3207; x_wconf 88' lang='lat' dir='ltr'>placuisse</span> <span class='ocrx_word' id='word_1_125' title='bbox 281 3122 433 3189; x_wconf 84' lang='lat' dir='ltr'>Servilius</span> <span class='ocrx_word' id='word_1_126' title='bbox 456 3124 564 3190; x_wconf 77' lang='lat' dir='ltr'>referi.</span> 
     </span>
    </p>
   </div>
   <div class='ocr_carea' id='block_1_8' title="bbox 166 3279 876 3350">
    <p class='ocr_par' dir='ltr' id='par_1_8' title="bbox 166 3279 876 3350">
     <span class='ocr_line' id='line_1_21' title="bbox 166 3279 876 3350; baseline -0.001 -16"><span class='ocrx_word' id='word_1_127' title='bbox 166 3286 178 3334; x_wconf 95' lang='lat'>1</span> <span class='ocrx_word' id='word_1_128' title='bbox 200 3279 278 3337; x_wconf 80' lang='lat' dir='ltr'>Flor.</span> <span class='ocrx_word' id='word_1_129' title='bbox 298 3297 362 3336; x_wconf 90' lang='lat' dir='ltr'>eum</span> <span class='ocrx_word' id='word_1_130' title='bbox 380 3282 528 3350; x_wconf 77' lang='lat' dir='ltr'>patronum</span> <span class='ocrx_word' id='word_1_131' title='bbox 547 3279 596 3349; x_wconf 92' lang='lat' dir='ltr'>qui</span> <span class='ocrx_word' id='word_1_132' title='bbox 615 3281 716 3349; x_wconf 82' lang='lat' dir='ltr'>capitis</span> <span class='ocrx_word' id='word_1_133' title='bbox 735 3281 876 3334; x_wconf 83' lang='lat' dir='ltr'>libertum.</span> 
     </span>
    </p>
   </div>
   <div class='ocr_carea' id='block_1_9' title="bbox 0 0 1216 3976">
    <p class='ocr_par' dir='ltr' id='par_1_9' title="bbox 0 0 1216 3976">
     <span class='ocr_line' id='line_1_22' title="bbox 0 0 1216 3976; baseline 0 1"><span class='ocrx_word' id='word_1_134' title='bbox 0 0 1216 3976; x_wconf 95' lang='lat' dir='ltr'> </span> 
     </span>
    </p>
   </div>
  </div>
 </body>
</html>
