2422 3976
454 177 478 230 δ.
501 172 619 230 TITIUS
638 172 770 230 ARISTO
1049 174 1114 241 389

95 336 296 405 nominatim
314 336 629 421 comprehendendas
649 333 780 420 Pedius3
805 337 859 402 sed
878 338 1001 404 cibaria
1020 360 1112 404 servo

97 427 178 493 data
204 447 275 492 non
302 447 371 492 esse
398 425 589 510 imputanda
612 426 723 491 Aristo
751 424 854 511 <ait>‚
881 449 957 492 nam
985 448 1045 492 nec
1072 428 1112 492 ab

96 516 174 602 ipso
198 513 298 601 exigi,
321 515 407 600 quod
430 514 466 580 in
489 514 670 580 ministerio
694 516 760 580 eius
784 515 856 580 fuit.

457 692 508 758 De
524 693 758 777 permutatione.

191 799 243 867 50.
271 798 310 865 Ι).
333 799 381 882 19,
399 799 430 885 4,
449 799 479 864 2.
523 798 614 864 Idem
642 797 700 884 (sc.
724 797 857 884 Paulus)
886 799 970 864 libro
1000 800 1111 884 quinto

100 889 140 955 ad
169 886 336 954 Plautium
363 884 413 976 (P.
434 884 544 974 1117).
570 925 608 934 -
634 888 745 954 Aristo
774 888 833 973 eit,
861 888 1014 973 quoniam
1042 910 1112 973 per-

99 978 240 1044 mutatio
268 977 376 1043 vicina
402 980 488 1042 esset
516 977 687 1061 emptioni,
718 997 834 1042 sanum
862 999 988 1062 quoque
1015 975 1112 1042 furtis

99 1067 259 1153 nemoque
283 1066 423 1132 solutum
447 1069 480 1130 et
503 1087 567 1130 non
591 1087 660 1131 esse
680 1065 857 1152 fugitivum
876 1088 1004 1132 servum
1023 1087 1112 1150 prae·

100 1155 267 1239 standum,
290 1155 345 1240 qui
369 1177 408 1220 ex
430 1152 510 1238 <ea>
533 1176 631 1220 causa
654 1155 793 1220 daretur.

325 1371 352 1434 b.
381 1371 430 1432 Ad
453 1373 583 1433 edictum
606 1373 752 1449 praetoris
776 1373 890 1434 urbani.

439 1492 488 1557 De
510 1498 624 1574 recepto
647 1493 786 1558 arbitrio.

117 1643 120 1649 ·
190 1599 243 1665 51.
275 1597 314 1664 D.
332 1600 364 1683 4,
383 1601 413 1683 8,
430 1600 483 1666 40.
533 1599 732 1682 Pomponius
764 1599 847 1664 libro
879 1600 1046 1665 undecimo
1075 1622 1114 1665 ex

101 1686 211 1754 Variis
222 1687 429 1754 Lectionibus
439 1685 488 1774 (P.
499 1685 588 1774 832).
598 1684 785 1754 -Arbiter
799 1689 942 1754 calendis
951 1689 1111 1755 ianuariis

103 1777 215 1843 adesse
238 1776 335 1842 iussit
357 1781 390 1841 et
412 1780 487 1842 ante
511 1799 584 1842 eum
608 1777 691 1842 diem
714 1779 867 1864 decessit,
892 1780 973 1844 alter
993 1800 1031 1843 ex
1049 1779 1114 1843 liti·

103 1866 275 1955 gatoribus
306 1888 373 1931 non
405 1865 516 1930 adfuit.
571 1868 682 1950 procul
715 1866 812 1932 dubio
845 1889 949 1951 poena
981 1869 1113 1932 minime

103 1955 277 2021 commissa
305 1956 369 2038 est3
397 1977 474 2020 num
502 1958 536 2020 et
563 1953 710 2021 Cassium
739 1956 864 2021 audisse
893 1978 927 2021 se
955 1955 1114 2022 dicentem

102 2043 214 2110 Aristo
244 2043 291 2108 ait
318 2043 353 2106 in
380 2065 418 2108 eo
442 2043 576 2125 arbitro,
604 2045 659 2129 qui
683 2044 753 2129 ipse
776 2067 842 2109 non
866 2045 1020 2128 venisset,
1048 2067 1114 2110 non

102 2153 173 2197 esse
202 2132 423 2216 commissum,
457 2133 724 2216 quemadmodum
754 2131 883 2198 Servius
912 2133 970 2216 eit,
1002 2133 1029 2196 si
1056 2155 1114 2216 per

102 2221 330 2306 stipulatorem
358 2224 436 2305 stet,
465 2243 528 2304 quo
552 2222 659 2285 minus
683 2222 834 2306 accipiat,
862 2243 928 2286 non
952 2221 1114 2286 committi

102 2331 252 2394 poenam.

502 2398 553 2464 De
575 2397 720 2482 deposito.

163 2578 168 2587 ⁸
193 2505 245 2572 52.
269 2504 308 2569 D.
326 2506 375 2589 17,
392 2507 420 2589 1,
434 2505 485 2571 39.
522 2504 676 2571 Neratius
695 2505 778 2570 libro
799 2506 937 2589 septimo
956 2504 1114 2570 Membra-

102 2615 229 2660 narum.
260 2630 298 2641 -
327 2592 372 2658 Et
399 2594 548 2659 Aristoni
576 2598 609 2659 et
635 2592 728 2658 Celso
757 2596 842 2680 patri
870 2593 991 2678 placuit
1017 2614 1113 2678 posse

102 2704 170 2749 rem
194 2682 256 2747 hac
280 2683 467 2748 condicione
490 2682 607 2767 deponi
630 2683 880 2767 mandatumque
906 2679 981 2766 (hae
1008 2682 1114 2748 condi·

104 2772 195 2838 cione
218 2771 354 2836 fiduciae
378 2769 513 2857 causat)
532 2771 661 2855 suscipi,
684 2776 721 2836 ut
743 2793 793 2836 res
817 2771 960 2856 periculo
985 2774 1052 2837 eius
1072 2772 1115 2836 sit

102 2861 158 2948 qui
192 2860 375 2944 depositum
407 2861 459 2925 vel
492 2860 678 2925 mandatum
708 2857 861 2947 (depositi
888 2861 939 2925 vel
967 2861 1113 2925 mandati

102 2945 237 3037 causat)
262 2949 411 3034 suscepit.

191 3059 315 3121 Pernice
338 3060 462 3120 111139
487 3081 515 3120 n.
531 3063 559 3121 2.

100 3239 149 3310 De
170 3239 308 3299 missione
330 3240 363 3299 ia
379 3241 590 3312 possessiouem
613 3240 771 3313 leputoruaa
789 3241 996 3299 servandorum
1016 3253 1112 3297 causa.

192 3355 246 3424 53.
268 3355 308 3423 D.
322 3358 376 3441 36,
389 3358 420 3442 3,
436 3359 485 3424 13.
521 3356 675 3422 Neratius
693 3356 777 3421 libro
797 3357 935 3442 septimo
953 3355 1113 3421 Membra-

101 3467 230 3512 narum.
254 3481 297 3492 -
319 3446 361 3511 ui
390 3468 530 3531 quoque,
559 3447 609 3510 cui
637 3446 821 3530 legatorum
851 3444 935 3510 actio
960 3444 1112 3510 daturin

103 3556 187 3620 eum,
206 3535 262 3621 qui
280 3535 510 3620 praetermissa
523 3533 728 3600 institutione
743 3536 784 3600 ab
798 3535 956 3602 intestato
969 3534 1128 3621 possidet
