2422 3976
185 222 189 231 ,
237 170 272 226 Π.
290 168 528 225 monstrosum
547 168 776 224 SENTENTIAE
796 168 842 223 ET
860 168 965 224 LIBRd.
1041 169 1105 234 561
1185 177 1189 184 ’

97 333 247 418 quidam,
272 333 392 417 inquit,
419 336 550 417 putant,
572 332 733 417 peculium
762 353 871 397 servus
901 329 1018 397 habere
1041 355 1104 398 non

96 425 205 507 potest
226 420 291 485 nisi
314 421 505 486 concedente
528 421 667 486 domino.

187 510 262 575 162.
280 510 345 575 Ἰ).
371 509 421 591 15,
451 509 480 593 1,
506 511 558 576 42.
603 509 693 574 Idem
726 509 782 594 (sc.
815 507 990 598 Ulpianus)
1023 511 1106 576 libro

96 598 287 665 duodecimo
311 598 351 663 ad
375 598 522 664 edictum.
547 636 589 646 -
612 598 651 662 In
675 598 899 682 adrogatorem
922 599 961 663 de
980 601 1106 682 peculio

97 688 259 753 acdonem
283 686 422 752 dandam
446 687 576 772 quidam
653 691 778 770 putant.

186 798 223 859 ct
246 797 288 877 11,
312 801 329 858 1
354 819 382 875 p.
407 800 479 859 573.

523 934 679 1000 Maccui.

191 1050 264 1116 163.
309 1049 349 1115 Ι).
379 1052 430 1136 11,
458 1053 486 1132 1,
516 1052 545 1116 3.
591 1050 711 1114 Paulus
738 1050 821 1114 libro
845 1050 1034 1134 trigensimo
1059 1072 1107 1116 se-

96 1140 203 1207 cundo
227 1139 268 1204 ad
291 1139 437 1204 edictum.
464 1175 502 1185 -
528 1136 694 1225 (Mandavi
718 1138 792 1220 tibi,
816 1141 851 1202 ut
875 1139 1017 1222 aliquam
1040 1161 1108 1204 rem

96 1229 180 1296 mihi
212 1223 358 1314 emeres.)
403 1228 486 1312 quod
521 1228 548 1292 si
580 1228 720 1311 pretium
754 1227 851 1292 statui
878 1232 976 1311 tuque
1005 1227 1108 1312 pluris

96 1317 216 1402 emisti,
235 1315 365 1401 quidem
379 1320 578 1400 negaverunt
597 1320 629 1380 te
644 1316 788 1380 mandati
806 1315 924 1379 habere
940 1317 1109 1401 actionem,

98 1407 229 1473 etiamsi
252 1409 385 1488 paratus
408 1425 496 1469 esses
519 1404 551 1468 id
574 1406 659 1489 quod
684 1404 806 1468 excedit
828 1406 998 1469 remittere.

188 1509 225 1569 cf.
249 1526 341 1584 supra
362 1528 390 1584 p.
416 1509 487 1568 150.

83 1612 88 1621 '
190 1609 265 1675 164.
310 1607 431 1692 1111,
461 1610 489 1694 1,
517 1608 622 1692 22,1.
667 1608 788 1672 Paulus
812 1608 896 1673 libro
920 1609 1108 1692 trigensimo

98 1698 241 1765 secundo
265 1696 305 1762 ad
328 1696 475 1785 edictum.
497 1734 542 1744 —
639 1700 814 1761 tractatum
839 1702 899 1780 est,
921 1698 958 1778 si,
981 1720 1051 1763 cum
1074 1699 1109 1761 in

100 1787 185 1853 diem
209 1786 368 1870 deberem,
396 1786 551 1850 mandatu
566 1787 642 1850 'meo
666 1786 702 1849 in
734 1785 820 1849 diem
851 1785 1046 1851 fideiussoris
1077 1793 1110 1851 et

99 1879 176 1941 ente
199 1874 284 1938 diem
298 1875 443 1957 solveris,
457 1897 496 1938 en
513 1874 625 1938 statim
638 1873 758 1939 habeas
773 1875 916 1938 mandeti
940 1876 1110 1939 actionem.
1193 1908 1197 1916 ·

98 1970 134 2031 et
165 1961 305 2049 quidum
328 1967 446 2046 putant
477 1968 678 2046 praesentem
706 1963 832 2048 quidem
865 1983 934 2025 esse
967 1964 1110 2027 mandati

99 2053 271 2133 actionem,
285 2051 341 2116 sed
355 2053 439 2116 tanti
454 2054 619 2134 minorem,
638 2052 751 2135 quanti
769 2073 840 2115 mea
858 2052 987 2114 intersit
1000 2073 1111 2135 super·

99 2141 250 2207 veniente
273 2140 324 2204 die
348 2141 489 2206 solutum
512 2140 623 2205 fuisse.

399 2307 450 2373 De
471 2309 632 2374 collatione
654 2309 809 2373 tonorum.

193 2432 279 2498 165?
321 2431 361 2498 D.
384 2433 436 2517 37,
451 2434 480 2513 6,
496 2433 525 2497 8.
566 2431 767 2517 Papinianus
785 2432 868 2495 libro
888 2433 987 2497 tertio
1006 2431 1111 2508 Quae-

102 2524 255 2590 stionum.
283 2557 327 2569 -
351 2572 380 2586 ..
408 2521 537 2606 quidam
570 2521 672 2585 filium
703 2521 955 2606 emancipatum,
989 2522 1041 2603 qui
1071 2522 1111 2585 de

102 2612 198 2678 bonis
228 2610 429 2676 conferendis
458 2631 571 2677 cavere
594 2609 748 2674 fratribus
771 2610 890 2693 noluit,
918 2609 1110 2674 audiendum

102 2704 219 2786 postea
241 2702 444 2783 putaverunt,
467 2699 495 2763 si
514 2699 611 2764 vellet
626 2698 735 2762 oblata
754 2698 902 2762 cautione
921 2698 1111 2763 beneficium

102 2809 320 2874 possessioms
344 2808 498 2852 exercere.

427 2955 477 3021 De
498 2957 584 3022 bonis
606 2955 789 3020 libertorum.

196 3081 270 3146 166.
299 3079 419 3145 Incerti
451 3080 589 3145 auctoris
621 3079 737 3164 fragm.
769 3079 875 3145 Berol.
902 3077 936 3142 Π
963 3075 1111 3164 (0011601.

104 3171 177 3237 libr.
187 3169 239 3235 111
252 3192 282 3253 p.
293 3164 382 3256 299).
400 3205 437 3218 -
454 3217 479 3233 ..
494 3190 567 3233 cum
581 3169 652 3252 lege
668 3167 706 3232 de
720 3169 815 3233 bonis
829 3161 986 3252 rebudque
1000 3188 1111 3231 eorum

104 3258 273 3325 hominum
300 3259 348 3322 ita
374 3258 424 3322 ius
450 3258 554 3323 dicere
576 3257 729 3321 iudicium
757 3255 886 3320 reddere
910 3259 1041 3338 praetor
1064 3255 1110 3318 iu·

104 3349 230 3431 beatur,
253 3352 289 3412 ut
308 3369 344 3411 ea
362 3346 452 3431 fiant,
475 3367 556 3430 quae
574 3345 684 3409 futura
702 3345 818 3428 forent,
841 3343 869 3408 si
892 3344 1111 3409 dediticiorum

104 3457 239 3502 numero
258 3435 337 3500 facti
354 3457 420 3500 non
441 3438 558 3519 essent,
581 3434 755 3516 videamus,
778 3455 818 3498 ne
840 3433 947 3499 verius
966 3433 1009 3497 sit
1026 3431 1112 3517 quod

106 3525 240 3611 quidam
264 3529 433 3589 senserunt
456 3529 488 3587 et
511 3523 549 3587 de
571 3522 728 3588 universis
747 3522 840 3587 bonis
859 3521 948 3585 etde
968 3520 1120 3604 sinentis.

159 3638 257 3687 Iurtspr.
271 3639 385 3680 antehcdt.
400 3639 449 3680 refl.
464 3639 498 3680 ed.
512 3639 613 3680 Bremer.
635 3639 697 3693 11‚2.
876 3630 914 3680 66
1065 3612 1072 3619 ’
