2422 3976
240 212 275 269 Il.
293 211 534 269 mormorion
553 211 783 269 snnrnnrlsn
801 214 848 268 ΕΤ
866 212 972 268 LIBRI.
1045 215 1110 278 533

426 382 473 441 Dc
494 382 596 441 herede
617 383 798 442 musmo

195 492 246 558 10.
271 488 342 557 Gai.
361 493 392 577 2,
409 492 485 557 243.
507 529 544 538 —
635 514 829 576 quamquam
920 491 1112 576 quibusdam

100 580 236 665 placeat
257 602 381 664 poenae
404 581 535 645 nomine
555 580 704 645 heredem
727 579 855 644 institui
877 601 941 644 non
964 603 1067 664 posse.

193 669 247 734 ll.
278 669 317 735 D.
336 670 394 754 28,
411 670 446 753 5,
465 670 522 753 60,
543 668 572 735 1.
617 667 726 735 Celsus
759 669 843 734 libro
871 674 962 734 sexto
990 669 1112 734 decimo

101 757 326 844 Digestorum.
340 756 432 823 -·Si
456 759 528 843 quis
546 759 594 822 ita
611 757 762 822 heredem
780 757 970 821 instituerit:
995 756 1112 822 ‘Titius

101 869 169 932 qua
195 869 236 912 ex
263 851 356 931 parte
382 846 462 911 mihi
490 848 595 912 socius
623 847 729 911 estin
752 846 902 930 vectigali
926 846 1113 928 salinarum,

99 957 161 1019 pro
186 956 227 1001 es
248 940 340 1021 parte
364 934 443 999 mihi
464 935 558 1000 heres
582 934 672 1017 esto',
695 935 826 1020 quidam
846 939 970 1019 putant,
994 936 1021 998 si
1040 957 1112 999 asse

101 1024 260 1108 discripto
291 1023 324 1088 id
357 1024 517 1088 adiectum
550 1024 607 1106 sit,
643 1028 680 1088 ut
711 1024 849 1088 maximo
881 1024 985 1089 socius
1015 1023 1113 1089 fuerit

100 1110 223 1197 Titius,
255 1134 321 1178 non
357 1133 427 1176 esse
461 1110 626 1196 heredem,
663 1113 717 1177 sed
754 1114 781 1176 si
813 1133 876 1196 qua
905 1134 981 1196 pars
1010 1134 1113 1177 vacua

100 1200 218 1267 relicta
239 1199 351 1283 fuerit,
374 1222 413 1265 ex
436 1222 474 1265 ea
496 1200 646 1264 heredem
669 1223 741 1265 eum
766 1224 845 1266 esse.

194 1288 246 1354 12.
275 1286 346 1354 Gai.
360 1290 391 1368 2,
405 1290 479 1355 276.
506 1325 550 1335 -
578 1340 606 1355 ..
630 1312 702 1354 cum
731 1290 1011 1354 senatusconsulto
1039 1311 1113 1372 pro·

100 1377 245 1443 hibitum
279 1378 322 1443 sit
352 1379 521 1462 proprium
554 1400 680 1443 servum
712 1381 869 1443 minorem
901 1379 993 1442 annis
1021 1376 1113 1442 XXX

102 1466 243 1532 liberum
266 1465 359 1549 <esse
382 1467 514 1552 iubere>
532 1471 565 1531 et
582 1467 732 1532 heredem
750 1468 928 1547 instituere,
950 1466 1112 1550 plerisque

102 1555 212 1638 placet
243 1577 339 1640 posse
369 1578 428 1621 nos
452 1557 562 1620 iubere
585 1556 721 1621 liberum
750 1578 832 1639 esse,
859 1579 931 1621 cum
956 1577 1112 1620 annorum

102 1642 198 1711 XXX
217 1644 289 1728 erit,
312 1648 345 1711 ot
367 1665 482 1731 rogare
501 1649 538 1708 ut
560 1648 636 1710 tunc
659 1646 708 1710 illi
730 1646 920 1710 restituatur
942 1645 1112 1709 hereditas.

450 1828 497 1887 De
518 1830 772 1888 substitutionibus.

196 1939 246 2003 13.
270 1936 308 2002 D.
324 1938 521 2021 28‚6,31pr.
544 1936 633 2001 Idem
653 1935 711 2024 (sc.
726 1936 883 2023 lulianus)
900 1937 982 2003 libro
1002 1939 1112 2021 singu·
1173 2006 1176 2011 ,

102 2027 165 2092 lari
201 2026 240 2091 de
271 2026 547 2110 ambiguitatibus.
572 2063 609 2072 —
638 2026 678 2090 In
710 2027 939 2091 substitutione
968 2026 1035 2090 filio
1066 2027 1113 2089 ita

102 2114 206 2181 facta:
228 2112 384 2199 ‘quisquis
403 2114 484 2178 mihi
503 2137 540 2178 ex
560 2137 658 2199 supra
677 2115 803 2199 scriptis
822 2115 914 2179 heres
935 2114 1004 2195 erit,
1026 2113 1112 2178 idem

103 2203 173 2270 filio
200 2202 295 2268 heres
323 2202 405 2267 esto'
433 2205 610 2289 quaeritur,
637 2204 782 2288 quisquis
805 2203 898 2267 heres
921 2203 1112 2287 quandoque

102 2291 204 2358 fuerit
238 2291 449 2376 intellegatur
477 2315 519 2357 an
547 2293 692 2376 quisquis
720 2294 812 2357 heres
840 2297 909 2356 tum
938 2292 1013 2374 erit,
1039 2312 1111 2356 cum

102 2381 192 2447 lilius
226 2381 391 2445 moriatur.
445 2382 569 2465 placuit
602 2381 827 2465 prudentibus,
864 2381 892 2444 si
923 2380 1113 2465 quandoque

102 2469 198 2535 heres
226 2467 354 2555 fuisset3
383 2469 530 2554 quamvis
559 2472 644 2533 enim
671 2470 744 2534 vivo
773 2470 896 2553 pupillo
923 2470 1015 2534 heres
1043 2490 1113 2532 esse

103 2557 252 2637 desisset,
274 2557 359 2621 forte
382 2578 422 2620 ex
445 2579 542 2621 causa
565 2559 603 2622 de
625 2557 816 2642 inofficioso,
838 2580 919 2642 quae
942 2580 1002 2642 pro
1020 2562 1113 2641 parte

101 2649 195 2712 mota
214 2647 274 2729 est,
291 2645 436 2710 futurum
454 2649 563 2710 tamen
578 2668 650 2711 eum
665 2647 813 2712 heredem
830 2669 868 2711 ex
883 2647 1113 2712 substitutione

99 2734 259 2800 creditum
282 2739 341 2798 est.

270 2915 316 2976 Dc
337 2917 519 2990 adquirendo
541 2919 586 2976 ocl
608 2920 762 2978 eminendo
783 2919 943 2978 herodotum.

193 3036 245 3100 14.
265 3032 336 3101 Gai.
351 3037 381 3120 2,
397 3037 469 3101 178.
483 3073 525 3082 —
543 3033 721 3123 (Interdum
736 3037 815 3102 duos
828 3038 975 3120 pluresve
990 3036 1112 3122 gradus

99 3123 258 3189 heredum
280 3124 440 3208 fecimus.)
465 3174 499 3190 ..
524 3123 644 3190 Sabino
668 3125 792 3209 quidem
817 3125 938 3208 placuit
959 3125 1113 3210 quamdiu

99 3234 232 3279 cernere
260 3217 293 3278 et
320 3235 358 3278 eo
386 3214 481 3279 modo
510 3214 603 3279 heres
630 3214 701 3278 fieri
727 3214 831 3298 possit
856 3213 958 3298 prior,
985 3214 1113 3279 etiamsi

97 3323 160 3386 pro
187 3301 306 3366 herede
334 3304 484 3387 gesserit,
511 3325 575 3368 non
603 3306 713 3367 tamen
737 3302 864 3367 admitti
888 3302 1112 3387 substitutum3

98 3412 175 3457 cum
202 3412 279 3456 vero
308 3391 409 3456 cretio
438 3392 532 3456 finita
560 3393 615 3473 sit,
647 3397 717 3455 tum
746 3412 805 3474 pro
833 3391 949 3455 herede
981 3393 1112 3475 gerente

98 3480 232 3546 admitti
251 3478 471 3546 substitutum.
510 3481 582 3545 aliis
599 3501 674 3545 vero
689 3480 812 3564 placuit
826 3480 925 3544 etiam
940 3481 1112 3563 superante

97 3568 243 3637 cretione
274 3590 371 3652 posse
403 3591 476 3633 eum
508 3591 567 3653 pro
600 3568 716 3633 herede
749 3569 887 3654 gerendo
920 3568 956 3632 iu
986 3572 1120 3651 partem
