2422 3976
96 173 161 237 282
197 172 230 226 V.
248 171 398 227 NERVAE
417 173 464 226 ET
484 171 635 227 TRAIANI
653 172 762 228 ΤΕΜΡ.
781 171 876 228 rums
896 172 1009 230 coust

182 336 248 400 25?
271 334 475 419 D.21,1,50.
513 334 660 401 Iulianus
679 337 763 402 libro
783 339 899 421 quarto
919 356 958 402 ex
975 335 1009 402 Μ

95 424 144 510 (Ρ.
158 423 247 509 864).
272 460 309 472 -
335 423 512 490 Varioosus
537 446 634 489 senus
657 447 723 491 non
747 431 806 490 est.
992 445 993 448 ’

520 582 570 648 De
591 604 683 666 apua.

183 690 247 755 26?
285 689 325 754 D.
343 691 396 772 43,
416 690 468 768 20,
487 690 516 769 5,
538 690 565 754 1.
619 690 709 755 Idem
745 687 803 776 (su
827 687 986 774 Iulianus)

95 784 211 865 quarto
241 801 280 844 ex
303 778 435 844 Minicio
459 778 507 863 (P.
523 775 613 864 869).
638 815 677 826 -
701 778 791 845 Inter
814 778 893 844 duos
918 779 1009 864 quie

95 870 165 935 rivo
189 890 306 952 aquam
330 868 425 933 certis
449 867 537 932 horis
561 868 736 950 separatim
759 867 927 952 ducebant,
953 889 1009 934 eon

93 964 131 1024 ut
166 957 358 1042 permutatis
394 957 480 1021 inter
517 978 550 1020 se
583 956 784 1040 temporibus
818 979 902 1041 eque
933 961 1009 1021 uter*

95 1068 223 1132 quaero,
247 1067 319 1111 oum
343 1044 480 1129 emplius
503 1042 643 1109 biennio1
666 1044 713 1109 ita
736 1045 910 1130 duxissent,
933 1048 971 1110 ut
994 1068 1009 1110 1

94 1158 205 1201 eorum
234 1156 291 1199 suo
319 1139 464 1216 tempore
492 1155 570 1197 usus
598 1137 696 1217 esset,
720 1135 870 1199 numius
894 1133 1009 1199 utendi

95 1226 224 1292 sissent.
267 1223 401 1308 negavit
424 1223 579 1287 emisisse.

432 1404 477 1462 Ex
500 1403 609 1463 Iuliani
632 1404 708 1464 libro
732 1403 769 1464 V.

457 1521 507 1588 De
528 1525 596 1588 iure
618 1525 743 1589 dotium.

182 1631 246 1697 27?
270 1629 309 1695 D.
319 1631 370 1711 23,
381 1632 410 1711 3,
419 1630 472 1694 49.
512 1628 603 1694 Idem
626 1627 683 1716 (se.
697 1627 858 1716 Iulianus)
881 1629 967 1696 libro
992 1654 1009 1718 q

95 1744 134 1786 ex
152 1718 284 1784 Minicio
300 1715 348 1805 (P.
364 1717 452 1803 870).
470 1754 507 1766 -
525 1717 585 1782 Vir
603 1721 644 1784 ab
664 1740 710 1802 eo,
730 1720 785 1802 qui
803 1719 897 1784 uxori
917 1721 987 1784 eius
1002 1743 1009 1784 e

94 1810 201 1874 faeere
215 1803 344 1892 (deret)
360 1809 500 1890 volebat,
519 1811 640 1871 eertum
658 1807 827 1891 pecuniam
847 1829 885 1871 eo
900 1810 1009 1873 nomin

93 1897 224 1982 puletus
248 1900 311 1980 est,
334 1895 447 1960 deiude
472 1900 638 1979 acceptam
662 1917 732 1961 eam
755 1896 842 1960 feeit.
884 1898 1009 1981 quaere

94 1989 220 2051 essetne
244 2007 282 2049 ee
303 1985 439 2068 pecunia
462 1986 496 2048 in
520 1984 638 2050 dotem.
682 1985 866 2068 respondit,
891 1986 919 2049 si
943 2008 1009 2052 eoo<

97 2096 163 2140 non
187 2073 316 2139 fecisset
334 2077 366 2137 et
383 2074 561 2156 promissor
580 2073 733 2138 solvendo
754 2095 823 2138 esse
842 2073 990 2158 desisset,

93 2185 249 2246 reremus,
272 2184 313 2226 an
337 2162 430 2244 eulpa
453 2163 562 2226 meriti
586 2183 624 2225 ee
645 2162 781 2245 pecunie
800 2167 912 2227 exacte
931 2184 997 2227 non

94 2276 162 2316 oum
189 2275 259 2316 vero
287 2257 441 2331 sooeptem
468 2255 552 2330 feeit,
583 2257 750 2314 omnimodo
779 2256 946 2330 perieulum
975 2258 1009 2316 ed

93 2346 269 2423 pertinebit;
292 2344 413 2420 perinde
438 2344 518 2402 enim
540 2347 594 2416 est,
619 2363 652 2403 eo
676 2345 702 2402 si
725 2345 873 2419 aooeperit
894 2347 1009 2420 pecune

96 2435 220 2494 eandem
242 2432 417 2509 promissori
440 2433 603 2492 donaverit.

182 2519 235 2583 28.
258 2516 296 2582 D.
307 2517 359 2598 24,
371 2518 398 2597 1,
408 2516 459 2581 39.
501 2515 645 2580 Iulianus
669 2516 753 2580 libro
777 2517 891 2600 quinto
915 2538 955 2581 ex
973 2516 1009 2581 M:

94 2603 143 2692 (P.
164 2602 251 2691 871).
279 2642 316 2651 -
344 2603 404 2668 Vir
432 2605 525 2669 uxori
552 2605 724 2686 pecuniam
752 2626 825 2668 eum
854 2604 975 2670 donare
1003 2629 1009 2652 ¹

94 2692 244 2778 permisit
264 2694 302 2776 ei,
326 2699 362 2757 ut
385 2715 404 2757 a
427 2693 570 2757 debitore
595 2715 652 2757 suo
677 2693 858 2776 stipuletur.
898 2695 956 2758 ille
980 2717 1009 2759 eu

93 2782 232 2865 fecisset,
255 2783 441 2867 priusquam
465 2781 635 2864 peouniem
655 2781 804 2864 auferret,
828 2781 1003 2846 divortium

95 2891 225 2953 quaero,
243 2873 353 2935 utrum
372 2871 422 2934 vir
441 2893 511 2934 eam
532 2891 690 2934 summam
710 2874 818 2954 petere
838 2869 956 2935 debeat
972 2893 1009 2936 sn

95 2980 133 3021 ea
155 2959 369 3041 promissione
394 2964 526 3042 propter
550 2959 732 3022 donationis
756 2980 888 3022 oausam
912 2961 997 3024 aetio

96 3050 190 3111 esset.
235 3045 443 3131 respondi<t>
471 3049 601 3111 inanem
628 3045 727 3111 fuisse
756 3069 826 3111 eum
855 3047 1009 3132 stipulati<

185 3139 244 3199 Sed
262 3141 286 3199 si
301 3140 462 3214 promissor
479 3140 599 3198 mulieri
616 3140 758 3218 ignorans
777 3141 926 3221 solvisset,
946 3142 971 3200 si
988 3161 1009 3217 qi

95 3229 220 3304 pecunie
255 3231 365 3303 exstet,
402 3228 552 3287 vindioere
585 3247 651 3286 eam
684 3229 800 3290 debitor
831 3231 941 3304 potest.
996 3249 1008 3288 s

96 3318 226 3377 notiones
250 3334 319 3376 sues
343 3316 451 3376 merito
476 3320 628 3391 praestare
653 3325 777 3391 paratus
802 3321 856 3392 est,
882 3319 944 3378 doli
967 3337 1009 3377 me

97 3407 231 3483 oeptione
260 3424 292 3465 se
319 3404 453 3463 tuebitur
481 3405 605 3481 ideoque
629 3406 756 3465 meritus
780 3408 856 3465 hene
879 3409 1009 3482 pecunie]

171 3546 184 3593 1
207 3539 282 3595 Trio.
300 3540 426 3607 tempore
445 3538 625 3594 servitutibus
644 3538 799 3609 praefinito.
