2422 3976
98 192 161 257 120
175 193 222 249 111.
233 191 309 248 ssu
320 191 466 249 omumr
475 191 609 247 susos.
621 191 765 247 summ
777 189 885 250 usus.
894 192 992 248 1us1s
1003 191 1086 248 cous

413 416 415 421 =
490 372 542 438 De
557 374 709 438 societate.

186 497 235 563 15.
267 497 307 562 D.
327 497 378 581 17,
396 499 426 576 2,
445 496 496 561 m.
516 498 567 562 78.
586 498 638 562 80.
688 495 843 561 Proculus
875 495 960 561 libro
992 496 1086 581 quint

94 586 326 670 Epistularum.
350 621 392 631 -
415 583 592 658 Societatem
617 605 733 650 meeum
755 586 842 650 misti
864 605 900 650 ea
923 586 1086 651 eondieiom

94 681 130 740 ut
149 675 254 740 Nemo
277 676 395 739 amicus
416 675 587 738 eommunis
604 679 710 756 partes
731 673 883 739 societatis
905 675 1086 739 constituero

95 764 201 829 Nema
218 765 384 847 coustituit,
400 768 437 827 ut
454 767 487 827 tu
504 783 539 828 eu
558 763 666 827 trieme
683 763 782 828 sosius
797 781 882 845 esses,
899 782 952 845 epo
966 782 1005 828 eu
1018 762 1086 828 besu

94 853 232 936 quaeris,
263 858 369 917 utrum
398 855 504 916 ratum
536 852 571 916 iol
595 852 664 916 iure
689 852 841 916 societatis
867 851 910 916 sit
938 871 982 916 uu
1008 850 1086 916 nillil

94 943 198 1006 miuus
225 961 262 1005 eu
289 941 395 1024 aequis
415 939 560 1022 portibus
586 941 662 1005 sosii
688 941 794 1005 simus.
838 939 979 1005 saisitum
1004 944 1086 1005 euleu

94 1030 203 1095 melius
227 1035 261 1094 le·
275 1030 487 1111 quaesitumm
502 1028 611 1114 fuisse,
632 1033 738 1093 utrum
755 1048 793 1093 eu
809 1027 858 1093 bis
871 1026 1015 1110 paribus
1031 1048 1086 1094 soa

95 1139 225 1185 essemus
243 1139 321 1200 quos
338 1120 367 1184 is
385 1117 595 1202 constituisset,
612 1137 655 1182 uu
674 1137 711 1183 ero
724 1116 772 1182 bis
785 1135 864 1199 queas
876 1117 981 1182 uirum
994 1116 1086 1183 boum

94 1208 273 1273 constituere
308 1207 494 1290 oportuisset.
547 1207 737 1272 arbitrorum
773 1207 856 1270 euim
889 1225 1003 1287 penora
1032 1222 1086 1271 suu

89 1298 162 1361 duo.
203 1317 302 1361 uuum
324 1297 485 1376 eiusmodi,
512 1299 547 1358 ut
569 1296 631 1360 siue
653 1315 785 1376 aequum
806 1295 848 1358 sit
868 1295 932 1359 siue
953 1295 1086 1376 iniquum

91 1405 201 1467 parere
222 1385 395 1465 debeamus,
423 1385 505 1465 quod
526 1382 713 1467 observatur,
740 1403 808 1448 eum
831 1403 868 1448 su
889 1384 1086 1465 compromrss

94 1475 137 1538 ool
158 1474 311 1538 arbitrum
332 1474 411 1537 itum
433 1476 484 1556 est,
506 1471 638 1536 alterum
661 1472 818 1556 eiusmodi,
839 1476 876 1536 ut
896 1472 939 1536 ael
956 1472 1028 1536 boui
1043 1471 1086 1536 uir

95 1563 258 1627 arbitrium
280 1563 378 1643 oedipi
399 1560 515 1642 debeat.
533 1562 588 1625 etsi
609 1561 795 1625 uomiuutim
812 1579 948 1641 persona
970 1561 1013 1624 sil
1029 1579 1086 1624 eom

88 1650 250 1733 prebeusru
273 1651 360 1715 euius
382 1649 537 1713 arbitratu
556 1650 622 1731 bul.
642 1653 647 1728 1
666 1650 702 1714 iu
713 1649 876 1731 proposita
894 1653 998 1714 autem
1015 1667 1086 1730 qum

94 1739 193 1804 slioue
218 1737 385 1804 arbitrium
411 1737 474 1802 oiri
500 1737 571 1802 boui
596 1738 735 1802 existimo
761 1737 946 1818 sequeudmu
971 1757 1033 1803 esse
1055 1733 1086 1820 [e

95 1828 195 1910 mauis
221 1827 303 1908 quod
329 1826 478 1891 iudicium
496 1847 555 1907 pro
577 1827 656 1892 soeio
681 1825 775 1891 bouae
796 1824 1086 1909 βᾶθί-8319119111

95 1916 177 1980 euim
198 1917 227 1980 si
249 1915 355 1980 Nerua
377 1915 588 1997 constituisset,
610 1920 646 1980 ut
667 1915 745 1979 alter
766 1935 804 1980 su
824 1914 992 1979 millesima
1008 1916 1086 1997 parte

95 2004 173 2070 alter
212 2025 249 2070 eu
283 2005 343 2068 oluo
377 2003 547 2069 millesimis
574 2003 722 2086 partibus
752 2003 852 2068 sorim
884 2003 980 2067 esset?
1029 2001 1086 2067 illu<

90 2096 189 2176 potest
215 2094 391 2158 eouoeuieus
417 2111 479 2156 esse
505 2093 566 2156 oiri
593 2091 664 2157 boui
690 2091 834 2170 arbitrio,
861 2096 898 2156 ut
919 2112 983 2157 uou
1004 2091 1086 2172 utioo

95 2201 137 2247 ea
158 2183 264 2262 aequis
279 2181 424 2264 portibus
443 2182 519 2246 socii
536 2182 642 2264 simus,
665 2181 757 2246 veluti
774 2181 803 2246 si
820 2180 897 2244 alter
908 2181 985 2261 plus
1003 2196 1086 2262 opera

95 2272 267 2336 irrolustriue
286 2272 407 2353 proiioe
422 2271 573 2352 peeuuiue
595 2272 630 2334 iu
652 2271 824 2335 societatem
847 2269 1014 2334 collaturus
1034 2267 1086 2332 erat

184 2383 221 2444 cf.
238 2382 274 2441 D.
296 2385 346 2458 17,
368 2384 436 2457 2,6
465 2381 647 2457 Pomponius
679 2380 755 2440 libro
787 2399 866 2440 nono
898 2380 937 2439 sd
966 2379 1086 2438 Sabinus

95 2463 142 2552 (P.
162 2464 250 2552 532).
301 2470 333 2529 Si
365 2470 538 2530 societatem
573 2488 689 2528 meeum
724 2469 829 2528 coieris
862 2487 898 2527 ea
930 2467 1086 2528 condicione

96 2563 130 2618 ut
157 2562 259 2635 paries
287 2559 438 2619 societatis
467 2559 677 2636 constitueres,
706 2558 743 2616 ad
771 2557 843 2617 boui
867 2556 927 2617 viri
950 2555 1086 2616 arbitriuu

96 2666 132 2706 su
155 2667 202 2708 rus
226 2648 388 2724 redigenda
407 2650 454 2706 est
474 2692 479 2704 .
500 2650 530 2705 st
548 2647 725 2706 couveniens
745 2649 791 2706 est
809 2645 866 2706 viri
886 2646 957 2704 boni
969 2641 1086 2719 ..arbitris

96 2739 131 2794 ut
158 2755 218 2795 uon
246 2737 349 2810 utique
378 2753 413 2794 sx
441 2735 543 2812 aequis
571 2735 707 2811 partibus
736 2734 810 2794 socii
833 2734 939 2810 simus⁷
966 2732 1086 2794 uelutis

96 2823 174 2883 aller
196 2824 266 2899 plus
289 2842 396 2899 operas
418 2823 583 2884 industrias
607 2824 750 2901 pecunias
773 2825 803 2882 in
827 2822 1001 2882 societatem
1019 2819 1086 2882 sollu

98 2917 184 2970 turus
209 2913 257 2971 sit.

458 2995 508 3060 De
529 2997 599 3060 iure
619 2996 745 3060 dotium.

156 3136 159 3144 '
185 3119 235 3184 16.
258 3118 298 3184 D.
309 3120 361 3205 50,
373 3121 423 3198 16,
437 3120 507 3184 125.
540 3119 628 3183 Idem
644 3118 698 3202 (su.
712 3116 883 3205 Proculus)
897 3119 981 3183 libro
997 3119 1086 3203 quint

96 3207 327 3292 Epistularum.
352 3245 393 3254 -
417 3207 527 3291 Nepos
550 3209 686 3273 Proculo
711 3229 768 3271 suo
793 3207 939 3272 salutem.
985 3205 1039 3271 Ab
1062 3227 1086 3271 e<

97 3298 151 3382 qui
169 3299 216 3362 ita
235 3298 342 3362 dotem
365 3294 486 3393 diruit}
500 3296 583 3360 ‘eum
602 3296 805 3362 commodum
825 3296 895 3381 erit,
919 3296 1005 3362 dotis
1024 3295 1086 3361 filis

96 3425 184 3468 meae
208 3405 268 3468 tibi
292 3406 385 3467 erunt
405 3401 509 3485 HSO',
533 3407 673 3486 putasne
696 3403 844 3486 protinus
868 3403 992 3487 nuptiis
1017 3403 1086 3469 fast:

168 3566 181 3612 1
204 3560 279 3616 Trib.
298 3558 434 3628 promisit.
