2422 3976
92 169 158 233 580
460 164 738 220 ADDITAMENTA.

94 329 286 415 perveniret,
306 328 488 412 decesserit,
508 326 618 393 Sticho
637 328 771 394 libertas
790 331 953 413 competet
1038 351 1112 393 nam
1146 306 1150 314 ⁴

96 420 206 483 favore
230 417 392 481 libertatis
411 419 575 501 receptum
595 422 652 500 est,
675 421 712 481 ut
729 420 858 483 mortno
876 416 964 482 Titio
984 421 1112 501 tempus

98 527 264 591 superesse
292 505 467 589 videretur,
496 526 558 589 quo
581 505 717 590 impleto
741 506 875 571 libertas
899 505 1112 592 contingeret.

465 663 514 730 Dc
536 670 619 729 statu
637 666 736 730 libero.

184 780 237 845 28.
266 776 335 844 Gai.
359 781 390 862 2,
413 780 486 843 200.
510 816 552 825 —
656 781 802 864 exemplo
831 784 921 846 statu
944 781 1053 863 liberi,
1081 781 1114 845 id

98 872 147 933 est
174 869 242 932 eius
272 869 358 933 servi
387 869 442 951 qui
468 871 661 934 testamento
690 869 750 933 sub
784 869 892 952 aliqua
924 869 1113 935 condicione

97 957 181 1022 liber
209 977 279 1021 esse
311 957 419 1021 iussus
451 961 513 1041 est3
546 979 640 1040 quem
671 962 801 1022 constat
830 958 957 1023 interea
984 958 1113 1024 heredis

98 1066 227 1109 servum
250 1066 328 1110 esse.

418 1132 467 1199 De
490 1134 665 1220 libertorum
687 1134 781 1199 doum.

178 1249 240 1314 29.
269 1248 338 1314 Gai.
352 1251 383 1326 3,
398 1250 448 1315 69.
468 1286 512 1298 —
536 1248 686 1315 ...illud
706 1298 735 1314 ..
755 1254 906 1314 constare
927 1250 1063 1334 videtur,
1087 1251 1114 1315 si

100 1337 187 1402 solos
210 1337 331 1403 liberos
352 1360 391 1402 ex
409 1337 590 1422 disparibus
610 1339 756 1422 partibus
775 1342 934 1421 patronus
958 1339 1114 1422 (heredes

98 1426 287 1509 instituerit,
322 1449 361 1490 cx
392 1426 493 1491 isdem
524 1427 672 1511 partibus
700 1428 787 1492 bona
814 1425 938 1512 Latini,
971 1427 999 1492 si
1027 1428 1114 1513 patri

98 1514 232 1579 heredes
256 1515 430 1599 exis>tant,
453 1516 494 1580 ad
517 1537 572 1580 eos
595 1515 754 1599 pertinere

433 1690 482 1757 De
497 1693 607 1774 putria
625 1697 776 1775 potestate.

189 1806 241 1872 30.
266 1805 336 1873 Gai.
360 1806 389 1890 l,
409 1807 460 1872 89.
484 1841 527 1854 -
555 1859 561 1872 .
583 1857 589 1870 .
612 1807 749 1891 placuit,
772 1808 800 1872 si
824 1808 945 1872 ancilla
974 1831 1013 1872 ex
1046 1811 1112 1874 cive

100 1893 247 1960 Romano
276 1895 467 1978 conceperit,
494 1895 607 1960 deinde
635 1897 834 1960 manumissa
862 1899 1037 1982 pepererit,
1060 1899 1113 1982 qui

100 1983 241 2048 nascitur
265 1985 401 2049 liberum
424 1985 521 2048 nasci.

190 2072 241 2137 31.
266 2073 334 2137 Gai.
362 2075 388 2153 1,
409 2072 481 2138 101.
508 2109 546 2120 —
572 2122 601 2138 ..
624 2093 681 2156 per
704 2073 861 2157 populum
885 2073 1026 2139 feminae
1049 2097 1112 2140 non

103 2161 308 2246 adoptantur,
332 2184 406 2225 nam
430 2162 461 2224 id
486 2162 590 2246 magis
614 2162 746 2245 placuit.

517 2321 567 2384 De
588 2342 694 2385 mauu.

190 2428 241 2491 32.
266 2424 535 2511 Gai.1,115¹³.-
612 2429 640 2490 si
656 2429 786 2492 omnino
802 2428 949 2511 qualibet
965 2450 1109 2493 excausa

102 2538 183 2580 uxor
207 2518 239 2579 in
265 2538 361 2579 manu
380 2517 440 2580 viri
461 2517 512 2588 sit,
535 2517 656 2601 placuit
676 2539 746 2580 eam
765 2517 851 2580 filiae
871 2517 944 2581 iura
964 2518 1109 2582 nancisci.

184 2692 234 2756 De
252 2698 399 2775 emptione
421 2694 590 2757 venditione
612 2699 640 2756 et
663 2694 807 2757 locutione
830 2696 1036 2759 conductione.

191 2808 241 2870 33.
275 2806 342 2870 Gai.
376 2809 405 2891 3,
441 2809 512 2872 146.
546 2845 587 2854 -
696 2809 759 2871 iam
790 2860 816 2871 ..
848 2830 913 2872 non
948 2810 1109 2875 dubitatur

104 2895 180 2978 quin
207 2897 265 2958 sub
290 2896 474 2960 condicione
497 2918 548 2960 res
573 2898 673 2960 veniri
697 2901 752 2960 aut
775 2896 874 2960 locari
897 2899 1035 2981 possint.

192 2985 242 3048 34.
267 2984 305 3046 D.
331 2985 380 3067 19,
404 2986 432 3065 2,
457 2987 485 3068 2,
512 2989 537 3049 1.
586 2984 685 3050 Gaius
715 2986 798 3049 libro
828 2987 971 3051 secundo
996 2988 1108 3051 Rerum

103 3070 369 3136 Cottidianarnm.
406 3111 443 3119 -
477 3073 567 3138 Adeo
689 3073 945 3138 familiaritatem
972 3076 1107 3160 aliquam

102 3161 219 3223 habere
235 3161 381 3224 videntur
396 3164 515 3245 emptio
536 3168 568 3225 et
582 3162 733 3245 venditio,
756 3162 834 3226 item
850 3163 972 3228 locatio
993 3168 1026 3228 et
1039 3186 1107 3229 con-

104 3249 225 3330 ductio,
253 3253 290 3312 ut
317 3250 350 3311 in
381 3251 570 3334 quibusdam
600 3251 710 3334 quaeri
734 3251 837 3315 soleat
860 3257 970 3316 utrum
996 3252 1106 3336 emptio

103 3342 134 3398 et
157 3337 298 3401 venditio
323 3338 365 3401 sit
389 3361 429 3401 an
444 3340 561 3404 locatio
587 3346 619 3402 et
642 3340 822 3422 conductio,
845 3344 882 3403 ut
903 3363 976 3404 ecce
997 3344 1107 3406 sicum

104 3427 232 3490 aurifice
257 3426 337 3489 mihi
357 3429 549 3512 convenerit,
568 3433 604 3491 nt
623 3429 649 3491 is
670 3451 708 3492 ex
726 3449 804 3492 auro
820 3451 880 3494 suo
900 3432 1015 3495 anulos
1034 3428 1107 3493 mihi

102 3511 221 3576 faceret
253 3516 330 3579 certi
361 3517 510 3598 ponderis
544 3523 711 3600 certaeque
744 3518 864 3582 formae
899 3522 932 3582 et
957 3522 1108 3602 acceperit
