2422 3976
91 197 158 260 548
462 194 735 253 ΑΒΒΙΤΑΜΕΝΤΑ.

95 359 159 423 fuit
176 359 238 422 iste
257 362 354 441 tutor,
373 358 562 443 quibusdam
582 357 708 422 videtur
726 380 791 423 non
810 358 920 423 venire
937 359 970 423 in
984 360 1104 424 tutelae

93 447 256 525 iudicium,
277 447 416 511 simodo
434 447 463 512 is
483 448 549 511 dies
569 449 671 531 [post]
691 447 827 528 tutelam
846 447 975 511 finitam
995 469 1105 532 super-

94 535 191 599 venit.
227 535 312 620 quod
338 536 365 599 si
384 535 450 600 dies
470 535 573 600 adhuc
593 536 726 600 durante
745 536 848 600 tutela
867 536 967 619 venit,
990 540 1106 620 putant

91 624 281 688 omnimodo
306 624 430 688 devolvi
453 626 487 687 in
509 624 629 688 tutelae
652 623 814 688 iudicium.

424 781 474 848 De
496 783 611 848 delictis
626 784 771 864 privatis.

184 890 235 954 89.
250 887 319 953 Gai.
334 890 364 974 4,
378 890 407 954 8.
425 925 463 935 —
479 888 622 953 Poenam
635 893 762 953 tantum
775 889 1001 974 persequimur
1022 891 1105 955 velut

94 978 220 1043 actione
253 978 331 1042 furti
362 985 394 1041 et
419 977 610 1041 iniuriarum
640 982 673 1042 et
701 979 871 1042 secundum
902 980 1103 1062 quorundam

95 1066 278 1151 opinionem
303 1067 428 1130 actione
451 1066 483 1130 vi
506 1066 665 1130 bonorum
688 1072 863 1149 raptorum.

512 1212 558 1271 De
580 1214 675 1286 furtis.

61 1376 64 1382 .
183 1313 247 1378 90⁸.
272 1312 340 1378 Gai.
355 1315 386 1394 2,
399 1313 451 1378 51.
483 1349 521 1359 -
554 1335 746 1379 ...eorum
770 1314 946 1397 sententia,
970 1314 1026 1398 qui
1047 1337 1101 1399 pn·

94 1403 236 1466 laverint
258 1402 412 1466 furtivum
435 1401 568 1465 fundum
592 1401 662 1466 fieri
684 1424 787 1487 posse.
1123 1456 1125 1458 ,

184 1487 251 1554 90¹³.
275 1489 312 1555 D.
323 1491 415 1574 47,2‚
425 1489 468 1555 45
478 1512 525 1574 pr.
558 1489 718 1573 Ulpianus
733 1491 816 1555 libro
831 1490 1101 1576 quadragensimo

96 1579 135 1642 ad
164 1577 328 1643 Sabinum.
352 1615 394 1624 —
497 1579 640 1662 plerique
670 1580 823 1663 probant,
857 1579 950 1643 fundi
983 1581 1100 1644 furtum

96 1689 148 1750 agr
171 1687 237 1730 non
260 1688 364 1749 posse.
761 1723 763 1727 .

183 1760 219 1817 ef.
242 1759 282 1836 ΙΙ,
308 1764 324 1819 1
349 1780 378 1835 p.
398 1762 472 1822 383.

184 1842 235 1906 91.
268 1843 336 1908 Gai.
355 1843 390 1925 3,
409 1843 482 1908 208.
510 1880 544 1890 —-
576 1894 636 1909 ...
661 1844 824 1909 sciendum
847 1849 898 1909 est
923 1847 1100 1929 quaesitum

99 1953 169 1995 esse
194 1954 234 1994 an
251 1932 385 2015 inpubes
406 1954 473 1996 rem
493 1932 631 1996 alienam
655 1933 834 1998 amovendo
853 1933 981 1998 furtum
999 1934 1100 1998 faciat

96 2020 257 2104 plerisque
280 2021 398 2104 placet,
421 2021 496 2104 quia
519 2020 639 2084 furtum
663 2043 701 2084 ex
724 2020 851 2085 adfectu
875 2023 1038 2107 consistit,
1059 2024 1099 2086 ita

97 2110 224 2172 demum
253 2109 391 2191 obligari
417 2131 454 2172 eo
482 2110 614 2173 crimine
643 2109 856 2192 impuberem,
886 2111 914 2173 si
940 2113 1098 2195 proximus

96 2198 257 2281 pubertati
283 2199 326 2260 sit
349 2203 381 2261 et
404 2199 445 2261 ob
470 2197 501 2259 id
525 2199 694 2281 intellegat
718 2219 751 2261 se
775 2197 973 2282 delinquere.

185 2286 235 2349 92.
261 2284 329 2367 Gai,
344 2288 373 2368 3,
389 2287 461 2350 184.
483 2323 520 2331 —
542 2285 749 2350 Manifestum
773 2287 896 2350 furtum
921 2289 1048 2371 quidam
1069 2287 1096 2349 id

97 2396 167 2436 esse
190 2374 346 2456 dixerunt,
369 2375 453 2457 quod
478 2375 553 2437 dum
576 2375 621 2451 fit,
646 2375 904 2457 deprehenditur.
952 2377 1008 2441 alii
1030 2397 1095 2439 vero

97 2463 244 2543 ulterius,
273 2463 356 2545 quod
386 2484 423 2526 eo
447 2463 518 2525 loco
543 2463 804 2546 deprehenditur,
832 2465 888 2527 ubi
911 2465 950 2528 fit
1047 2463 1094 2527 alii

99 2551 202 2614 adhuc
225 2551 360 2614 ulterius
384 2573 421 2615 eo
446 2573 544 2634 usque
563 2551 769 2615 manifestum
789 2553 911 2617 furtum
931 2576 1002 2618 esse
1021 2554 1093 2616 dire-

96 2648 185 2720 runt‚
209 2640 308 2702 donec
331 2640 486 2721 perferret
510 2661 546 2702 eo
572 2662 635 2724 quo
658 2641 797 2722 perferre
821 2641 874 2705 fur
899 2642 1092 2722 destinasset3

97 2727 152 2788 alii
181 2727 284 2791 adhuc
312 2729 457 2808 ulteria,
489 2730 678 2813 quandoque
712 2751 781 2792 eam
815 2752 884 2793 rem
913 2731 966 2794 fur
995 2739 1091 2796 tenens

96 2814 184 2877 visus
208 2816 312 2878 fuerit.

462 2911 508 2968 De
531 2911 589 2983 lepc
610 2909 740 2983 Aquilio.

184 3008 235 3072 93.
260 3008 343 3072 Fest.
363 3032 392 3091 p.
409 3010 481 3074 178.
497 3047 537 3056 —
554 3009 701 3074 Occisum
726 3034 745 3074 a
767 3015 882 3077 necato
908 3014 1089 3098 distinguunt
1136 3090 1138 3097 y

96 3096 239 3180 quidam,
272 3098 354 3180 quod
391 3099 527 3162 alterum
563 3121 581 3162 a
616 3099 775 3164 caedendo
809 3104 907 3184 atque
938 3103 1003 3166 ictu
1031 3096 1087 3163 fieri
1136 3172 1138 3186 ¹

97 3185 217 3265 dicunt,
242 3186 376 3249 alterum
403 3189 470 3250 sine
493 3187 567 3251 icta.

184 3279 220 3337 cf.
244 3279 259 3336 I
281 3299 309 3353 p.
332 3282 403 3339 136.

184 3361 235 3425 94.
251 3361 560 3445 Garama—Hoc
575 3365 713 3447 ..capite
723 3361 780 3451 (sc.
791 3365 905 3453 tertio)
919 3390 981 3432 non
992 3359 1083 3449 quanti

95 3449 128 3511 in
156 3471 193 3513 eo
223 3472 323 3532 ann0‚
350 3452 405 3515 sed
434 3455 545 3536 quanti
574 3454 606 3516 in
635 3454 746 3517 diebus
769 3453 862 3518 XXX
889 3455 1036 3539 proximis
1055 3470 1082 3512 ea

95 3559 146 3599 res
174 3538 284 3620 fuerit,
313 3539 537 3605 damnaturis
566 3543 619 3624 qui
649 3541 800 3606 damnum
825 3544 956 3608 dederit.
999 3563 1031 3605 ac
1052 3555 1081 3601 110
1122 3498 1138 3764 ι
