2422 3976
379 176 404 226 4.
429 173 459 226 L.
479 170 663 227 NERATIUS
682 171 829 229 Palscus
1044 174 1108 238 287

122 336 239 418 principe,
261 341 390 400 fortasse
420 359 446 400 a
466 341 507 400 83
535 340 585 400 vel
614 359 638 401 a.
665 343 720 418 87,
747 341 920 402 Domitiano
951 343 1108 403 interfecto

122 421 215 504 legatus
233 448 289 506 pro
309 431 447 507 praetore
466 429 498 487 in
516 429 669 504 provincia
688 431 851 503 Pannonia,
870 449 955 503 anno,
974 437 1010 490 ut
1029 431 1108 492 vide·

121 514 167 590 tur,
191 520 229 579 98
257 519 307 579 vel
336 521 392 594 99,
420 536 439 576 a
466 536 524 593 quo
550 517 665 577 Plinius
693 519 806 578 amicus
833 517 959 580 Voconii
981 520 1110 581 Romani

121 606 198 676 111111
224 607 399 668 beneficium
434 605 555 683 aliquod
589 607 677 683 petiit
711 599 772 683 (ep.
794 601 919 688 2,13),
952 609 1000 667 cui
1029 608 1108 668 idem

121 687 292 756 Saturninum
315 694 532 755 commendavit
556 685 616 776 (ep.
635 699 662 772 7,
678 688 727 777 8),
752 697 866 756 accitus
896 697 927 755 in
951 697 1109 757 consilium

121 776 219 844 liciam
261 785 298 844 D.
324 787 375 860 37,
401 786 450 860 12,
475 779 525 864 5),
563 785 616 860 qui
652 803 720 842 eum
752 803 952 845 successorem
984 786 1109 863 elegisse

120 869 228 933 truditur
265 874 329 934 vita
348 873 438 931 Hadr.
458 864 502 954 4),
525 890 579 931 nec
603 873 702 932 minus
726 873 756 931 in
780 874 928 933 Hadriani
952 874 1109 933 consilium

120 947 270 1043 (111118),
293 963 437 1038 patronus
461 961 626 1021 scribarum
649 963 897 1039 quaestoriorum.
991 984 993 988 ³

189 1051 268 1111 Iuris
291 1049 447 1111 consultus
466 1049 608 1110 Neratius
633 1070 701 1110 cum
718 1051 823 1110 multis
841 1051 1014 1111 litterarum
1031 1070 1109 1111 com·

118 1140 207 1200 nereio
244 1140 420 1199 coniunctus
461 1138 598 1214 inprimis
633 1139 795 1199 Proculum
828 1145 949 1199 secutus
984 1159 1027 1200 ex.
1064 1160 1109 1216 gr.

119 1220 239 1289 Marcello
263 1228 352 1288 fratri
375 1246 428 1286 suo
452 1227 606 1304 respondit
625 1221 674 1308 (D.
691 1230 741 1305 33,
758 1231 786 1306 7,
803 1231 853 1302 12,
868 1225 925 1308 43)
949 1232 980 1288 11
1002 1229 1109 1289 Rufino

119 1300 232 1392 (11111
248 1315 268 1393 s
284 1309 342 1399 as)
366 1320 396 1375 er
418 1317 554 1376 Aristoni
578 1310 628 1397 (n.
645 1319 695 1395 19,
711 1319 739 1392 2,
756 1319 806 1392 19,
823 1312 865 1395 a).

188 1405 364 1483 Composuit
386 1408 543 1482 praeterea
565 1404 658 1465 libros
682 1406 717 1464 de
741 1406 807 1465 iure
829 1405 919 1481 civili,
943 1405 1057 1466 scilicet
1074 1425 1111 1465 ex

117 1486 227 1570 Plautio,
249 1495 465 1572 Epistolarum,
487 1494 718 1570 Respousorum,
737 1494 991 1573 Membranarum,
1011 1495 1109 1571 Regu·

115 1575 207 1657 lanrm,
230 1583 358 1659 denique
382 1582 418 1643 de
440 1583 553 1658 nuptiis
576 1583 695 1643 librum.

188 1673 311 1733 Scholae
329 1671 525 1731 Proculianae
547 1673 684 1748 princeps
704 1672 848 1731 successit
866 1672 1003 1732 Iuventio
1024 1671 1109 1732 Celso

114 1773 167 1820 cum
197 1761 259 1821 filio
292 1761 356 1820 eius
387 1754 582 1841 (Pomponius
605 1752 714 1841 553),
747 1761 798 1837 qui
830 1761 876 1820 bis
909 1762 1012 1821 consul
1040 1762 1107 1840 fuit,

110 1844 207 1909 iterum
226 1868 254 1910 a.
270 1852 331 1910 129
353 1852 384 1908 et
400 1850 521 1925 quidem
535 1869 602 1909 cum
616 1849 740 1909 Neratio
754 1849 896 1909 Marcello
910 1841 957 1931 (Ο.
974 1854 1002 1926 7,
1018 1853 1046 1925 9,
1062 1843 1108 1930 3).

185 1939 350 2016 Postquam
382 1938 535 1998 Hadriano
572 1939 705 2015 principe
737 1937 978 1997 Membranarum
1015 1938 1107 1998 libros

108 2027 266 2106 composuit
289 2018 339 2104 (D.
354 2028 406 2104 44,
421 2029 450 2102 2,
467 2018 588 2108 1111),
618 2027 723 2086 eodem
750 2027 884 2102 principe
912 2026 1033 2086 videtur
1059 2026 1108 2084 de-

106 2118 234 2190 cessisse,
261 2115 437 2191 priusquam
465 2115 648 2192 Pomponius
676 2115 768 2174 libros
797 2115 835 2173 ad
858 2115 1002 2174 Sabinum
1030 2132 1107 2174 com·

103 2205 211 2282 posuit3
234 2205 267 2264 in
289 2204 367 2264 libro
385 2204 464 2263 enim
482 2203 527 2263 VI
545 2206 618 2264 haec
635 2205 791 2279 leguntur:
816 2199 947 2263 ‘Priscus
967 2202 1108 2262 Neratius

103 2285 300 2355 existimabat'
325 2285 376 2373 (D.
392 2294 443 2368 34,
459 2295 487 2369 3,
504 2295 532 2368 8,
548 2295 566 2351 2
592 2293 623 2350 Ρ.
639 2285 728 2373 509).

185 2381 300 2442 Filium
322 2381 429 2440 habuit
447 2381 567 2440 Priscus
585 2380 721 2441 Priscum
739 2378 800 2438 VII
822 2381 919 2440 virum
944 2380 1109 2455 epulonem,

99 2471 234 2548 legatum
261 2470 393 2548 Augusti
424 2488 479 2548 pro
506 2472 644 2546 praetore
669 2470 701 2528 in
728 2469 883 2528 Pannonia
909 2467 1049 2527 inferiore
1079 2471 1110 2528 et

99 2558 254 2621 Pannonia
281 2559 445 2635 superiore,
479 2561 618 2635 nepotem
645 2557 796 2616 Fufidium
823 2558 970 2634 Priscum,
1001 2574 1107 2633 prone·

98 2653 200 2725 potem
223 2647 368 2707 Atticum.
414 2646 555 2707 laudatur
576 2647 701 2706 Neratia
724 2646 885 2704 Marullina
907 2645 970 2703 filia
993 2644 1110 2704 Neratii

98 2737 194 2798 Prisci
222 2737 366 2815 consulis,
389 2737 487 2794 utrius
510 2739 624 2813 autem,
649 2736 770 2794 maioris
798 2734 894 2793 Prisci
917 2752 955 2792 an
977 2734 1109 2812 minoris,

98 2826 265 2886 dubitatur.
319 2825 482 2883 laudantur
517 2825 550 2883 L.
574 2824 692 2883 Neratii
718 2823 815 2882 Prisci
846 2840 961 2895 servus,
993 2822 1109 2882 Neratii

96 2915 195 2974 Prisci
218 2931 317 2992 serva,
340 2912 413 2973 iuris
437 2913 566 2972 consulti
589 2915 620 2972 et
646 2913 749 2972 fratris
777 2911 971 2971 Neratiorum
993 2911 1109 2988 vilicus,

96 3003 293 3063 Neratiorum
312 3002 459 3061 cellarius.
501 3000 564 3060 OIL
583 3001 635 3077 IX,
660 3002 755 3060 2454.
780 3003 874 3061 2455.
900 3001 994 3060 2458.
1015 3001 1109 3059 2484.

99 3093 197 3153 2531.
221 3091 628 3150 77111111111152-1158.
651 3090 800 3165 Borghesi
815 3088 959 3165 opp.Vp.
972 3091 1035 3149 350
1046 3107 1109 3164 sqq.

96 3180 277 3240 Mommseni
290 3179 350 3238 iud.
364 3179 455 3238 Plinii
469 3178 513 3239 ed.
528 3179 596 3237 Keil
610 3200 638 3254 p.
654 3180 728 3237 420.
755 3178 880 3238 Hermes
894 3177 941 3237 ΙΠ
954 3199 982 3253 p.
999 3179 1108 3252 38sqq.

97 3269 280 3348 Prosopogr.

190 3356 379 3434 Quamquam
398 3375 434 3415 ex
452 3356 489 3416 iis
506 3375 581 3433 quae
596 3355 733 3432 diximus,
746 3375 818 3414 num
833 3355 974 3414 Neratius
988 3353 1020 3410 in
1033 3352 1111 3410 hanc

100 3445 308 3507 collectionem
325 3445 514 3521 recipiendus
532 3445 580 3522 sit,
599 3444 731 3503 dubitari
748 3463 835 3521 posse
855 3445 989 3519 apparet,
1008 3444 1111 3500 tamen

102 3553 169 3594 cum
188 3535 311 3595 Traiani
334 3537 433 3594 aetate
457 3553 523 3594 eum
547 3552 690 3609 responsa
713 3533 829 3592 dedisse
853 3533 969 3592 constet
992 3521 1042 3608 (D.
1059 3531 1110 3602 37,
