2422 3976
98 189 162 254 180
177 187 224 245 IIL
235 186 310 243 cml
320 186 466 244 CLAUDII
475 186 611 243 NERON.
622 185 765 243 amena
775 185 884 244 rnrff.
893 186 994 244 leals
1003 186 1105 245 CONS.

456 351 507 416 De
528 351 597 416 iare
618 351 744 416 dolium.

185 457 249 523 21?
286 457 324 523 D.
344 458 397 541 23,
416 458 446 542 3,
463 457 507 524 48
517 480 565 542 pr.
618 456 708 521 Idem
742 455 805 544 (sc.·
826 455 989 543 Iulianus)
1021 458 1106 525 libro

94 547 236 616 secundo
260 547 300 612 ad
324 545 475 611 Urseium
498 545 651 611 Ferocem
675 543 724 631 (P.
744 543 834 632 892).
856 582 899 593 —
924 546 1000 612 Tali
1022 547 1108 613 facta

92 636 301 721 stipulatione
338 634 459 701 ‘decem
490 635 525 699 in
558 657 643 699 anno
674 634 823 720 proximo
856 634 942 700 dotis
975 637 1108 703 nomine

93 727 167 791 dare
192 722 366 810 spondes?
404 724 588 808 quaesitum
613 725 671 807 est,
694 745 797 788 annus
819 745 859 788 ex
877 746 941 809 quo
959 727 1108 810 ternpore

25 826 36 853 ⁸
95 820 181 880 esset
213 812 441 896 numerandus,
474 817 581 876 utrum
609 833 648 876 ex
676 811 727 877 die
754 811 977 896 stipulationis
1004 813 1109 880 factae

96 925 138 968 an
158 925 197 967 ex
215 924 252 967 eo
272 902 331 987 die,
350 923 413 986 quo
428 902 485 967 dos
505 923 575 965 esse
589 900 749 984 potuisset
768 898 880 985 [idest
896 902 1110 985 nuptiarum].

95 1000 127 1057 et
151 1013 341 1075 responsum
366 993 416 1055 est
436 1011 475 1054 ex
493 990 543 1054 die
562 989 750 1073 nuptiarum
769 1010 888 1054 annum
907 1011 979 1055 esse
998 1013 1109 1057 nume·

95 1081 245 1165 randum,
272 1100 327 1162 ne,
356 1078 384 1144 si
411 1079 506 1143 aliter
534 1079 793 1159 observaremus,
821 1078 849 1142 si
876 1078 965 1144 intra
989 1102 1109 1145 annum

93 1170 227 1253 nuptiae
249 1168 355 1232 factae
378 1189 445 1233 non
468 1167 548 1250 sint,
571 1166 672 1232 videri
694 1167 800 1251 possit
823 1166 881 1232 dos
905 1189 945 1233 ex
968 1188 1007 1233 ea
1030 1168 1109 1235 obli·

95 1258 228 1342 gatione
253 1256 369 1321 deberi.

186 1347 239 1411 22.
267 1344 348 1410 Ibid.
372 1347 436 1424 §L
451 1379 493 1391 -
511 1341 608 1410 Socer
631 1364 751 1426 genero
775 1365 833 1409 suo
859 1344 905 1409 sie
928 1344 1108 1429 legaverat:

97 1435 209 1500 ‘Lucio
237 1433 323 1499 Titio
353 1433 439 1498 filiae
467 1453 556 1498 meae
584 1432 715 1496 nomine
742 1435 870 1498 centum
897 1431 993 1500 heres
1020 1456 1110 1500 meus

96 1525 231 1590 damnas
262 1526 332 1586 esto
362 1521 460 1587 dare'.
509 1521 593 1586 hanc
621 1521 791 1604 pecuniam
819 1542 974 1606 generum
1002 1526 1109 1608 petere

98 1613 213 1678 debere
242 1611 473 1695 exactam<que
501 1610 542 1674 ab
571 1609 632 1694 eo>
656 1616 822 1694 acceptam
845 1609 964 1694 legatis
987 1611 1109 1693 referri,

98 1701 154 1765 sed
182 1699 286 1764 nihilo
315 1699 420 1764 minus
449 1698 534 1764 dotis
564 1720 634 1762 esse
659 1698 779 1764 factam
803 1698 837 1763 e't
859 1698 1000 1764 divortio
1024 1700 1109 1766 facto
1138 1760 1142 1765 .

76 1790 144 1895 xrei
176 1785 322 1912 cecropiae1
350 1788 475 1853 actions
502 1787 630 1852 mulieri
658 1787 852 1852 reddendam
879 1786 1038 1854 Proculus
1064 1810 1109 1854 re·

97 1877 257 1944 sondit.

113 1900 135 1962 p
189 1967 241 2031 23.
263 1963 304 2029 Ι).
318 1964 370 2047 23,
384 1965 415 2050 4,
430 1966 481 2029 22.
509 1963 599 2028 Idem
615 1963 672 2049 (so.
686 1959 850 2051 Iulianus)
866 1964 952 2030 libro
972 1966 1108 2032 seeundo

100 2054 142 2121 ad
174 2051 324 2119 Urseium
353 2052 507 2118 Ferocem
538 2052 588 2139 (P.
608 2051 698 2140 893).
731 2089 769 2099 -
803 2051 942 2128 Quidam
974 2053 1109 2122 fundum

101 2143 185 2208 dotis
208 2165 306 2207 eausa
329 2142 369 2206 ab
392 2163 489 2206 uxore
513 2163 571 2206 sua
594 2145 762 2226 acceperat
784 2142 933 2227 interque
957 2164 1014 2208 eos
1039 2165 1110 2210 con-

100 2234 241 2314 venerat,
260 2234 296 2295 ut
309 2230 476 2302 ,mercedes
496 2231 563 2295 eius
582 2229 675 2294 fundi
693 2229 742 2294 vir
761 2232 853 2296 uxori
869 2232 968 2295 annui
982 2234 1109 2298 nomine

101 2321 200 2386 daret.
246 2320 358 2385 deinde
387 2341 459 2384 eum
487 2319 622 2383 fundum
650 2319 700 2383 vir
727 2320 824 2383 matri
852 2320 1000 2384 mulieris
1025 2325 1110 2387 certa

99 2407 1110 2564 2ξὲἓῖοὲ222Πὲἓὲ2ἰῖἒῖῗΐὲῗῑῖἳέῗηὶᾏῖἓῗὲἕῗέἑὲἓῖ

342 2548 351 2581 7

100 2587 277 2671 reliquerat
300 2589 332 2649 et
356 2585 530 2649 divortium
551 2585 675 2650 factum
697 2591 776 2649 erat
819 2585 869 2649 vir
892 2585 1006 2651 deinde
1026 2592 1109 2672 pate·

101 2677 160 2740 bat
184 2698 203 2738 a
223 2675 355 2738 muliere
375 2674 545 2757 mercedes,
569 2695 648 2757 quas
668 2678 771 2738 mater
790 2673 953 2739 debuerat.
991 2676 1110 2759 placuit

102 2763 323 2845 exceptionem
352 2761 478 2826 mulieri
506 2763 576 2826 dari
603 2784 668 2827 non
692 2762 816 2845 debere,
845 2762 894 2827 ‘ac
919 2764 946 2827 si
969 2763 1059 2830 inter
1080 2785 1110 2828 se

105 2855 137 2914 et
163 2852 269 2914 virum
296 2872 362 2914 non
390 2851 607 2934 convenisset,
635 2855 671 2915 ut
698 2850 761 2915 hae
784 2851 946 2917 mercedes
972 2853 1037 2918 sibi
1059 2853 1110 2918 ali·

105 2943 287 3003 mentorum
324 2940 453 3003 nomine
490 2938 666 3024 darentur'‚
704 2961 775 3004 cum
807 2940 953 3005 futurum
986 2941 1043 3027 sit,
1077 2946 1109 3006 ut

105 3027 341 3112 quodammodo
370 3027 561 3092 donationes
589 3028 675 3092 inter
701 3028 808 3092 virum
831 3032 864 3092 et
886 3051 1021 3103 uxorem
1045 3052 1109 3096 con·

104 3118 281 3180 firmentur.
317 3138 395 3180 nam
418 3116 502 3201 quod
526 3117 626 3182 annui
648 3117 779 3181 nomine
799 3116 904 3204 datur,
922 3120 1045 3202 species
1065 3120 1109 3184 cst

106 3205 299 3270 donationis.

177 3350 193 3468 2
213 3343 457 3471 {paepopppoffio
471 3416 546 3471 facto
562 3415 597 3470 de
612 3417 677 3471 dote
693 3415 803 3470 actione
818 3414 931 3470 mulieri
945 3418 1108 3472 reddendam

106 3486 240 3628 {ppppqlps
258 3485 403 3556 respondit
422 3488 451 3540 et
469 3487 558 3543 nihilo
577 3486 669 3542 miuus
689 3486 763 3542 dotis
777 3504 837 3541 esse
852 3488 967 3542 factam.
998 3488 1109 3544 correail
