2422 3976
93 193 162 258 472
198 192 232 247 V.
251 189 401 246 NERVAE
419 191 466 245 ΕΤ
486 189 640 244 TRAIANI
659 187 766 246 TEMP.
784 189 881 244 IURIS
902 186 1080 244 consolor}

96 359 166 422 inre
197 355 347 420 sententis
376 354 549 438 exstitisset,
585 373 711 435 quaero,
742 373 786 416 an
823 349 968 416 eernerel
999 372 1111 418 neusse

95 446 254 524 mouens,
276 464 314 507 ne
336 448 461 508 sautans
484 447 555 506 tuus
577 444 713 513 intereat.

187 533 373 616 Respondit:
408 531 489 595 ninii
522 532 657 613 interest,
694 535 800 595 utrum
832 550 870 595 en
900 530 1110 596 substitutione

90 623 188 706 prins
211 617 381 686 creverim²
404 641 448 684 an
470 640 507 684 en
525 621 632 700 prima
655 620 855 698 institutione,
878 626 953 684 oum
972 619 1012 684 ab
1029 624 1108 683 ntra

96 732 155 794 que
177 730 272 775 eausa
294 731 361 774 una
384 705 497 773 eretio⁸
519 708 664 790 sufficiat.
696 712 820 772 sentans
842 709 959 791 itaque,
981 709 1038 790 qui
1057 706 1108 773 sud

95 800 273 864 amidieiane
294 800 386 862 datus
408 797 486 861 mihi
507 802 564 874 est,
586 798 630 861 ad
650 817 698 860 me
719 797 819 861 sotum
836 797 980 878 pertinet.

186 900 211 948 n.
234 887 315 951 Item
351 888 380 951 si
416 890 450 950 tn
485 887 645 963 sennim,
684 905 721 949 en
756 906 815 967 qua
846 886 1009 951 institutus
1037 903 1106 950 esses

94 977 194 1058 neres,
226 976 366 1040 omiseris
397 972 590 1058 cretionem4,
621 975 774 1055 numquid
804 974 941 1056 dubitas,
974 975 1050 1056 quin
1073 992 1105 1037 en

94 1065 308 1130 substitutione
331 1061 502 1128 cernendo⁵
528 1063 558 1126 Τ
555 1064 673 1126 itianae
687 1063 794 1144 partis
814 1063 979 1127 habiturus
991 1066 1103 1144 porum

99 1153 199 1218 esses?

184 1241 367 1322 Respondit:
393 1261 456 1305 uon
478 1241 594 1323 dubito,
622 1241 707 1321 quin,
729 1240 759 1304 si
781 1238 986 1323 <perempta>
1005 1239 1101 1322 prino

94 1331 286 1396 institutione
316 1327 489 1394 eernendo⁵
519 1328 603 1393 teres
639 1348 701 1393 esse
727 1331 861 1410 possim,
902 1332 938 1392 in
966 1331 1100 1410 potestate

96 1437 166 1484 moa
187 1420 237 1501 sit,
259 1439 354 1500 qnam
370 1423 494 1501 partem
517 1418 694 1482 hereditatis
717 1422 774 1481 aut
792 1418 934 1482 omittere
950 1418 1039 1482 odim
1054 1418 1099 1479 aut

94 1509 266 1573 oiudioare.
1133 1548 1136 1569 .

185 1597 237 1659 22.-
265 1595 303 1660 D.
319 1596 416 1678 28‚3,
432 1597 481 1660 15.
528 1595 702 1659 Iavolenus
732 1594 817 1660 libro
840 1599 957 1678 quarto
982 1592 1094 1677 Epistu-

94 1685 208 1749 larum.
233 1720 271 1730 —
303 1683 365 1763 Qui
386 1704 513 1748 nuaram
536 1689 735 1766 praepnatem
757 1683 894 1766 habebat,
916 1685 952 1748 in
978 1683 1092 1749 hostium

88 1777 269 1857 potestatem
286 1774 441 1854 pervenit;
465 1793 587 1855 quaero,
609 1774 675 1855 filio
698 1778 770 1837 nato
792 1793 851 1854 qno
874 1777 1006 1855 tempore
1023 1773 1091 1836 usu·

94 1867 231 1926 mentum
258 1862 292 1925 in
320 1862 438 1925 sinitote
463 1862 584 1941 faetrom
612 1861 800 1942 rumpatur?
828 1867 857 1925 et
883 1863 912 1926 si
934 1862 1018 1945 fitius
1038 1859 1092 1923 onte

94 1952 247 2015 moriatur
283 1971 377 2031 quom
404 1954 509 2032 pater,
548 1971 591 2015 an
624 1952 732 2031 scripti
763 1949 884 2015 teretes
916 1950 1090 2014 hereditates

95 2039 236 2104 habituri
257 2038 342 2103 sint?

183 2128 354 2209 Respondi:
385 2148 449 2191 non
469 2132 546 2210 pnto
574 2127 701 2192 dubium
727 2147 801 2206 esse,
829 2128 905 2208 quin
931 2146 988 2208 per
1015 2125 1089 2216 tepent

95 2216 280 2297 Corneliam,
303 2237 380 2297 qnae
403 2218 438 2280 de
460 2217 682 2298 confirmandis
706 2236 810 2279 eornm
833 2216 1032 2298 testamentis,
1050 2227 1089 2293 qni

94 2308 130 2369 in
152 2307 285 2369 tostinus
303 2310 450 2385 potestate
472 2306 673 2382 decessissent,
698 2306 763 2368 tata
786 2309 836 2386 est,
859 2310 933 2369 nato
956 2305 1019 2386 pilio
1038 2317 1088 2366 oon·

93 2397 181 2458 tinuo
212 2395 278 2457 eius
310 2398 534 2471 testamentum,
573 2394 627 2474 qni
657 2395 693 2456 in
721 2393 854 2457 hostium
881 2398 1027 2474 potestate
1054 2387 1088 2463 sd,

93 2488 266 2563 rumpatur.
298 2484 435 2564 seqnitur
453 2503 530 2564 erpo,
548 2488 583 2545 nt
601 2502 637 2546 eoa
655 2502 687 2546 eo
708 2486 881 2546 testamento
899 2481 1046 2546 hereditas
1060 2473 1091 2540 od

95 2572 248 2635 nemiuem
266 2573 435 2653 perueniat.

505 2685 555 2749 De
578 2686 694 2767 tepetis,

185 2801 237 2865 23.
264 2801 303 2864 D.
318 2802 369 2882 35,
385 2802 414 2884 2,
429 2802 480 2866 61.
512 2800 601 2864 Idem
618 2798 676 2886 (sc.
692 2797 877 2886 Iavolenus)
892 2799 977 2864 libro
993 2797 1091 2882 quarto

96 2887 328 2970 Epistularum.
357 2927 399 2936 -
426 2889 558 2954 Alienus
583 2890 701 2968 fnindns
725 2889 779 2952 tibi
802 2889 919 2971 topatus
942 2893 992 2953 est.
1027 2886 1092 2950 tuno

95 2976 181 3039 heres
212 2998 280 3040 enm
314 2999 410 3042 emere
440 2981 504 3042 nisi
535 2981 657 3060 infinito
679 2979 782 3059 pretio
810 2999 873 3041 uon
896 2982 1007 3058 posset,
1036 2971 1094 3039 end

95 3066 191 3129 mutto
218 3066 331 3146 pinnis,
359 3088 452 3147 anam
479 3069 587 3149 qnarrti
614 3072 692 3147 erat,
715 3087 776 3148 qno
799 3067 950 3147 emptione
972 3065 1093 3144 effectum

96 3160 147 3238 est,
170 3159 205 3218 nt
219 3156 363 3236 iepatarii
376 3157 419 3219 ad
432 3157 524 3238 iepem
538 3156 717 3220 Falcidiam
730 3159 951 3219 revocarentur.
987 3169 1094 3236 quaero,

96 3264 178 3324 oum,
206 3245 234 3307 si
263 3243 382 3322 fundus
415 3246 506 3327 tanti,
538 3247 648 3326 quanti
675 3265 708 3308 re
735 3264 807 3308 nera
836 3244 960 3327 <erat>,
992 3244 1092 3322 emptus

96 3336 182 3410 esset,
212 3333 310 3413 tepata
337 3353 399 3396 non
425 3335 551 3413 funerant
579 3353 737 3398 enoessura
763 3334 815 3396 ius
842 3334 915 3416 lepis
940 3330 1093 3404 Famam,

166 3487 276 3542 lTrib.
297 3486 383 3542 adire.
427 3490 535 3544 iTrib.
551 3488 677 3544 adierim.
724 3489 834 3544 strio.
854 3488 953 3544 aditio.
994 3482 1090 3540 strio.

93 3556 257 3612 aditionem.
314 3567 329 3613 5
350 3560 424 3613 Trio.
444 3562 580 3616 adeundo.
