2422 3976
502 160 525 208 7.
545 151 732 209 PROOULUS
986 198 989 203 .
1059 152 1122 218 165

197 315 269 383 106.
294 316 333 382 D
346 316 400 400 41
414 317 445 400 2,
459 318 490 400 3,
504 317 534 382 3
578 315 698 381 Paulus
721 316 806 382 libro
830 317 1121 403 quinquagensimo

116 409 221 489 quarto
250 404 291 470 ad
319 365 533 470 ediotnrhn-
565 402 780 469 Neratiust
747 409 780 470 et
807 405 961 472 Proculus
990 410 1023 471 et
1051 407 1121 471 solo

114 494 215 560 mimo
237 515 305 559 non
328 514 425 576 posse
448 515 508 558 nos
532 493 700 596 adquirere
723 494 977 596 possessionem,
1005 494 1121 560 sinon

111 582 274 648 antecedat
298 582 459 647 naturalis
482 583 656 667 possessio.
700 582 884 667 ideoque
859 605 886 647 s1
909 583 1121 648 thensaurum

110 671 141 736 in
161 671 262 737 fundo
286 692 358 736 meo
381 671 524 754 positum
549 671 663 750 seiam,
693 671 846 736 continuo
870 693 922 736 me
945 672 1121 755 possidere,

109 760 202 825 simul
230 765 327 845 atque
354 759 541 843 possidendi
572 758 722 824 affectum
749 760 907 842 habuero,
934 760 1009 844 quia
1036 759 1121 844 quod

108 848 188 914 desit
210 849 352 914 naturali
375 848 589 932 possessioni,
611 847 644 912 id
667 848 794 912 animus
817 848 941 931 implet.

192 939 268 1003 107.
301 936 411 1015 1141,
433 937 510 1020 1,2.
560 936 680 1001 Paulus
713 937 797 1002 libro
828 937 1121 1021 quinquagensimo

105 1031 219 1112 quarto
251 1025 290 1091 ad
319 1026 460 1090 edietum
488 1023 537 1112 (Ρ.
552 1025 641 1111 666).
667 1061 704 1072 -
732 1024 796 1091 Pro
824 1026 977 1090 derelicto
1006 1047 1074 1090 rem
1102 1047 1122 1090 a

103 1116 233 1180 domino
257 1115 406 1180 habitam
431 1115 459 1178 si
483 1114 631 1198 sciamus,
653 1136 827 1198 possumus
852 1114 1029 1199 adquirere.
1065 1113 1122 1179 sed

102 1202 258 1270 Proculus
285 1224 351 1267 non
379 1203 524 1268 desinere
552 1224 622 1267 eam
650 1225 718 1267 rem
747 1202 869 1267 domini
899 1224 968 1267 esse
992 1203 1055 1267 nisi
1080 1203 1121 1267 ab

102 1293 165 1358 alio
188 1313 342 1377 possessa
364 1290 471 1356 fuerit.

481 1449 532 1516 De
555 1453 750 1534 usucapione.

191 1573 266 1640 108.
297 1573 335 1639 D.
355 1574 408 1657 41,
428 1576 458 1653 3,
476 1576 517 1641 31
529 1598 576 1660 pr.
616 1575 737 1640 Paulus
765 1571 888 1661 (potius
907 1571 1121 1662 Pomponius)

99 1663 186 1729 libro
220 1664 411 1748 trigensimo
446 1665 585 1729 seeundo
619 1665 658 1728 ad
692 1661 846 1730 Sabinum
880 1662 928 1751 (P.
955 1660 1043 1751 160).
1082 1700 1120 1711 -

99 1750 291 1836 Numquam
331 1753 366 1816 in
408 1752 659 1837 usucapionibus
698 1753 778 1818 iuris
815 1775 904 1818 error
940 1754 1120 1836 possessori

97 1840 241 1926 prodest
293 1844 326 1905 et
352 1840 425 1906 ideo
448 1840 605 1906 Proculus
635 1842 695 1924 ait,
725 1843 752 1907 si
779 1864 836 1925 per
860 1862 1001 1906 errorem
1024 1841 1120 1907 initio

97 1929 296 1995 venditionis
327 1933 418 1995 tutor
449 1931 574 2014 pupillo
607 1934 720 1995 auetor
751 1930 857 1995 factus
891 1931 934 1995 sit
963 1929 1015 1995 vel
1043 1937 1122 2014 post

96 2023 229 2101 tempus
251 2017 447 2083 venditionis
471 2028 647 2102 peractum,
671 2019 804 2103 usueapi
826 2039 891 2083 non
914 2040 1019 2103 posse,
1042 2019 1121 2103 quia

97 2108 181 2172 iuris
205 2128 297 2171 error
319 2110 378 2172 est.

187 2218 312 2278 Pernioe
334 2209 379 2276 Π3
398 2220 462 2278 496
491 2238 519 2278 n.
540 2221 572 2276 2:
607 2211 690 2276 ‘Man
717 2218 797 2277 kann
825 2219 972 2294 awoifeln,
1004 2218 1041 2277 ob
1070 2218 1118 2277 die

95 2306 192 2367 Stella
210 2326 287 2385 ganz
305 2307 366 2366 heil
384 2300 436 2367 ist'
472 2307 639 2367 Mommsen
656 2307 719 2385 legi
736 2307 832 2366 iubet:
857 2301 966 2366 ‘faetus
991 2307 1031 2365 sit
1049 2311 1121 2382 post

96 2399 221 2473 tempus
244 2395 416 2457 venditione
439 2389 582 2472 peraeta'.

195 2493 270 2561 109.
293 2494 331 2560 D.
341 2495 395 2580 41,
405 2498 476 2579 3,4,
488 2498 537 2561 10.
579 2497 699 2561 Ρ66166
722 2496 807 2561 libro
832 2495 1122 2579 quinquagensimo

104 2588 224 2669 quarto
254 2584 296 2648 ad
324 2584 463 2649 edietum
492 2581 543 2671 (P.
558 2583 646 2671 673).
672 2622 709 2632 -
741 2584 776 2650 Si
804 2606 885 2667 rem,
913 2607 1010 2668 quam
1037 2584 1122 2667 apud

105 2678 140 2738 te
164 2672 386 2758 deposueram,
408 2672 491 2738 lueri
513 2673 653 2738 faciendi
676 2696 774 2740 eausa
798 2673 986 2756 vendideris,
1008 2672 1121 2737 deinde

106 2784 146 2827 ex
168 2762 370 2847 paenitentia
392 2762 565 2828 redemeris
589 2768 622 2827 et
645 2762 758 2827 eodem
782 2767 869 2826 statu
893 2762 1026 2845 habeas,
1054 2762 1121 2826 sive

105 2851 282 2938 ignorante
301 2871 352 2914 me
372 2850 439 2915 sive
459 2851 578 2916 sciente
597 2873 635 2915 66
655 2855 748 2936 gesta
767 2851 840 2934 sint,
860 2850 961 2915 videri
980 2853 1014 2914 in
1031 2854 1121 2934 pote-

104 2943 229 3006 statem
261 2959 368 3003 meam
400 2939 521 3004 redisse
554 2941 727 3005 seeundum
757 2939 889 3004 Proculi
921 2941 1122 3005 sententiam.

461 3114 512 3182 De
533 3118 761 3184 donationibus.

189 3240 263 3307 110.
285 3240 325 3305 D.
337 3240 389 3321 33,
400 3241 430 3325 6,
440 3241 492 3325 35,
504 3242 532 3305 3.
584 3240 704 3306 Paulus
728 3242 812 3306 libro
837 3247 929 3308 sexto
953 3240 992 3306 ad
1015 3240 1121 3322 legem

97 3327 213 3394 Iuliam
248 3331 281 3394 et
306 3328 443 3412 Papiam
471 3328 519 3414 (P.
539 3329 632 3415 962).
662 3367 703 3376 —
733 3382 767 3396 ..
798 3331 852 3414 qui
882 3329 995 3394 mortis
1024 3349 1123 3392 eausa

99 3417 206 3501 donat,
230 3439 295 3502 qua
312 3421 404 3501 parte
423 3439 458 3482 se
477 3419 610 3503 cogitat,
636 3420 805 3503 negotium
825 3420 918 3504 gerit,
938 3418 1058 3482 scilieet
1076 3419 1123 3498 ut,

98 3528 169 3571 enm
180 3506 390 3592 convaluerit,
399 3506 552 3571 reddatur
563 3507 633 3572 sibi.
658 3503 1123 3586 needubitaverunthssiani,
