2422 3976
379 193 403 242 t.
427 187 458 242 L.
477 185 660 243 NERA'I'IUS
679 185 827 243 PRJSCUS
1041 186 1105 253 325

110 357 251 432 arreptum
272 354 416 415 iudicium
440 356 508 415 dolo
527 354 600 433 quid
619 355 733 431 feeerit,
756 373 820 416 esse
839 355 1056 435 excipiendum3
1080 356 1106 415 si

112 458 252 504 veronen
273 444 307 504 in
328 462 391 504 rem
413 462 507 521 suam,
530 444 631 504 dolum
649 450 838 521 praesentem
854 444 886 503 in
905 445 1107 522 exceptionem

112 531 318 593 eonferendum.
368 533 394 593 si
426 536 528 592 autem
555 533 581 595 is
608 536 785 609 procurator
812 533 865 613 sit,
897 534 944 593 eui
973 533 1107 594 emnium

113 634 198 681 rerum
220 621 441 682 administratio
465 639 604 682 eouoessa
626 625 680 699 est,
702 625 774 682 tune
797 622 834 681 de
857 623 937 683 omni
955 623 1023 683 dolo
1042 623 1106 682 eius

114 708 193 786 sreipi
213 727 301 787 posse
323 710 467 771 Neratius
490 710 602 771 scribit.

185 811 236 878 38.
262 810 302 876 D.
317 810 393 878 ibid
407 814 427 893 ξ
443 813 471 876 1.
494 848 537 858 -
560 811 599 875 In
627 812 812 877 universum
839 815 946 877 autem
968 812 1050 877 haee
1072 813 1107 877 in

117 915 146 961 ea
158 920 190 964 re
205 901 318 986 regula
337 900 498 984 sequenda
513 905 570 980 est,
589 904 625 965 ut
639 901 731 966 dolus
746 900 930 965 omnimodo
945 900 1108 984 puniatur,

69 1070 71 1075 Ι
118 987 190 1053 etsit
200 1010 266 1055 non
280 989 336 1053 alii
351 989 411 1073 eui,
429 989 485 1054 sed
499 989 571 1073 ipsi,
591 990 646 1075 qui
661 1011 733 1054 eum
748 989 889 1072 admisit,
907 987 1108 1054 damnosus.¹

69 1146 72 1193 Ι
520 1207 628 1268 Liber
651 1208 686 1268 V.

508 1309 559 1374 De
581 1309 697 1392 tepetis.

187 1417 237 1483 39.
266 1415 306 1481 D.
324 1416 377 1499 30,
398 1417 470 1483 124.
515 1415 669 1481 Neratius
696 1416 782 1481 libro
810 1415 923 1500 quinto
946 1413 1106 1480 Membra·

69 1574 71 1587 ,
117 1516 220 1571 nurum.
242 1540 287 1552 -
311 1502 346 1570 Si
368 1505 502 1570 heredes
524 1504 719 1570 nominatim
738 1506 916 1569 enumerati
935 1506 1011 1569 dare
1030 1504 1107 1589 quid

118 1584 241 1659 damnati
268 1597 357 1673 sunt,
385 1594 518 1679 propius
542 1599 605 1674 est,
632 1598 669 1659 ut
692 1594 803 1658 viriles
826 1597 935 1678 partes
959 1593 1108 1677 debeant,

117 1680 176 1759 quia
197 1703 407 1768 personarum
433 1682 631 1747 enumeratio
655 1682 741 1747 hune
764 1681 913 1747 effectum
936 1682 1049 1768 habet,
1072 1688 1109 1748 ut

116 1776 317 1856 exaequentur
335 1771 369 1835 in
387 1772 495 1856 legato
513 1770 719 1856 praestando,
738 1771 801 1855 qui,
821 1772 848 1835 si
867 1772 1025 1837 nominati
1042 1793 1109 1837 non

115 1864 221 1944 essent,
244 1858 456 1925 hereditarias
479 1864 588 1945 partes
612 1859 753 1925 debituri
777 1864 895 1925 essent.

393 2018 444 2084 De
466 2021 614 2104 emptione
635 2021 813 2086 venditione.

185 2127 238 2191 40.
266 2125 306 2191 D.
328 2126 378 2210 18,
398 2127 427 2209 3,
447 2126 477 2191 5.
522 2125 675 2191 Neratius
701 2125 786 2192 libro
811 2127 924 2210 quinto
948 2124 1109 2189 Membra-

109 2229 222 2280 uarum.
244 2250 282 2262 -
303 2212 504 2300 Legefundo
518 2215 648 2279 vendito
664 2215 761 2299 dieta,
779 2219 824 2300 ut,
844 2215 871 2278 si
886 2215 972 2278 intra
986 2217 1108 2278 eertum
1163 2228 1166 2235 '

108 2301 228 2388 tempus
250 2303 391 2388 pretium
415 2303 557 2368 solutum
580 2324 647 2367 non
671 2304 727 2388 sit,
752 2324 804 2367 ree
827 2303 971 2386 inempta
995 2303 1047 2385 sit,
1070 2303 1109 2367 de

106 2388 273 2477 fructibus,
305 2413 385 2476 quos
413 2391 543 2456 interim
571 2394 697 2475 emptor
724 2391 933 2477 percepisset,
965 2390 1026 2455 hoe
1055 2391 1108 2476 agi

105 2478 354 2566 intellegendum
384 2484 447 2564 est,
478 2483 516 2544 ut
548 2483 675 2563 emptor
706 2479 838 2545 interim
872 2501 926 2545 eos
960 2479 1022 2543 sibi
1051 2500 1108 2543 suo

104 2589 243 2654 quosque
279 2568 349 2634 iure
384 2570 578 2654 perciperet3
614 2569 669 2633 sed
707 2568 734 2633 si
771 2568 889 2633 fundus
923 2567 1110 2652 revenisset,

102 2659 213 2724 Aristo
232 2657 439 2723 existimabat
456 2657 617 2723 venditori
638 2657 675 2722 de
694 2657 746 2722 his
765 2656 916 2722 iudicium
935 2656 970 2722 in
987 2661 1108 2740 empto·

101 2767 167 2813 rem
192 2746 333 2812 dandum
352 2767 431 2832 esse,
455 2746 530 2831 quia
548 2746 630 2811 nihil
649 2768 747 2831 penes
766 2768 839 2811 eum
858 2745 996 2811 residere
1016 2768 1110 2830 opor-

99 2839 185 2903 teret
208 2856 248 2900 ex
270 2857 319 2921 re,
340 2834 375 2900 in
399 2857 462 2920 qua
485 2834 581 2899 fidem
604 2833 782 2901 fefellisset.

187 2947 225 3009 ei.
249 2946 372 3007 Perniee
394 2938 440 3006 11²
460 2968 489 3025 p.
506 2949 619 3023 187sq.

422 3100 474 3167 De
494 3104 641 3167 mandato
663 3102 789 3167 eruendi.

185 3210 241 3274 41.
267 3207 307 3273 D.
324 3209 485 3292 17,1,35.
526 3207 679 3273 Neratius
703 3207 788 3274 libro
812 3209 925 3292 quinto
949 3205 1109 3272 Membra-

95 3320 225 3365 narum.
248 3332 293 3344 —
316 3293 350 3361 Si
374 3296 518 3382 fundum,
541 3298 596 3381 qui
615 3300 763 3381 exparte
782 3301 857 3362 tuus
878 3302 936 3378 est,
959 3293 1109 3360 mandavi

94 3387 159 3454 tibi
187 3389 225 3451 ut
251 3406 374 3451 emeres
403 3385 496 3468 mihi,
524 3407 636 3450 verum
658 3389 708 3450 est
730 3386 920 3451 mandatum
942 3404 1038 3468 posse
1061 3382 1109 3447 ita

169 3569 184 3617 l
205 3559 256 3617 Fr.
275 3559 329 3616 etsi
348 3560 546 3616 ..damnosus
564 3558 665 3614 futuris
685 3560 745 3615 erit.
