2422 3976
378 182 403 230 6.
425 172 637 230 IAVOLENUS
654 172 804 230 Pmsoos
1030 174 1096 240 413

80 338 187 407 aiebat
221 338 317 403 mam
347 339 485 421 pretium
518 337 613 418 fundi
642 338 716 402 dari
746 337 860 415 debere,
895 336 1007 421 Ofilius
1038 339 1096 403 im-

79 446 196 513 neuma
216 427 305 493 umbo
325 432 417 511 naaat
430 428 568 510 pretium
589 427 770 511 mbnifieari,
791 427 845 492 sul
866 447 915 491 eos
933 428 1097 492 alumtaeat

81 520 239 601 summm,
269 535 345 598 quos
374 516 411 580 iu
442 536 511 580 uun
533 520 737 597 posteaquam
768 519 885 596 sumtus
912 521 987 581 esset
1014 516 1095 597 feeit.

82 607 167 673 idem
186 602 291 671 Oiuua
306 604 414 671 nribit
429 605 545 670 adiecto
563 624 605 686 eo,
623 605 704 685 quad
720 625 783 668 non
796 605 932 673 deduells
943 604 1096 685 fructibus

83 697 298 779 impensarum
316 694 396 758 ratio
414 692 520 758 baberi
536 693 648 770 debent,
668 698 697 757 et
711 693 766 757 boa
781 693 881 775 mauis
893 713 999 757 uerum
1009 699 1095 776 puto.

174 782 227 848 38.
250 780 289 848 D.
300 783 354 866 32,
363 782 415 866 30,
424 783 454 846 4.
490 781 599 846 Labeo
619 782 702 846 libro
722 781 860 846 seeundo
880 781 1095 863 posteriorum

85 894 103 936 ι
135 870 292 936 Iauoleno
324 873 584 954 epitomatorum.
612 906 655 916 -
688 869 750 950 Qui
778 871 913 952 fiendum
942 872 1096 936 mandatu

84 981 152 1026 maa
174 961 210 1024 in
231 961 370 1024 societate
391 959 470 1025 mibi
491 964 520 1024 et
540 959 601 1024 sibi
622 964 744 1037 emerat,
766 960 873 1024 tunde
894 979 964 1024 eum
981 960 1096 1042 sinibus

85 1050 236 1115 diviserat
260 1052 290 1113 et
309 1049 497 1131 priusquam
523 1047 602 1113 mibi
631 1047 790 1130 mancipio
820 1046 931 1130 dares,
959 1049 1005 1113 ita
1026 1068 1096 1112 eum

87 1138 142 1204 tibi
167 1138 323 1221 inaurat
349 1135 496 1219 ‘fundum
522 1157 624 1201 meum
650 1136 701 1201 illi
722 1135 781 1201 olo'.
826 1136 933 1218 neyam
959 1136 1096 1219 amplius

86 1231 205 1308 parum
227 1226 334 1308 deberi,
356 1227 432 1307 auia
452 1225 617 1291 uerisimile
638 1246 701 1290 non
723 1230 796 1290 esset
812 1226 858 1290 ita
876 1229 1017 1290 testatum
1034 1245 1096 1292 esse

87 1320 207 1396 patrem
227 1315 379 1396 familias,
401 1319 438 1379 ut
458 1316 600 1380 mandati
621 1313 705 1379 neres
727 1314 793 1378 eius
814 1315 1024 1378 damnaretur.

175 1404 229 1470 39.
257 1403 296 1469 D.
307 1404 358 1487 33,
369 1405 397 1487 7,
406 1405 436 1467 4.
466 1402 637 1468 Iavolenus
652 1402 737 1466 libro
753 1402 890 1467 seeundo
905 1424 944 1466 ex
958 1403 1096 1486 posteri-

94 1492 197 1558 oribus
226 1491 396 1557 Labeonis.
420 1527 460 1538 -
485 1491 563 1558 (lum
585 1492 713 1573 quidam
735 1493 811 1556 duos
835 1492 950 1572 fiendas
977 1493 1096 1570 iunmos

94 1576 208 1647 baberet
228 1586 258 1646 et
278 1601 315 1646 en
332 1582 428 1646 altero
446 1581 539 1664 boues,
561 1601 630 1646 arm
649 1599 724 1663 omns
740 1579 888 1664 fecissent,
910 1581 946 1644 in
964 1581 1096 1645 alterum

93 1674 317 1753 reuerterentur,
344 1675 507 1752 utrumque
533 1669 668 1750 fundum
694 1690 763 1733 oum
790 1670 993 1733 iustrumenta
1016 1670 1096 1753 leaa-

93 1764 178 1824 uerat.
222 1759 325 1824 Labeo
349 1758 510 1824 Trebatius
537 1760 621 1824 boues
647 1759 676 1822 ei
700 1757 799 1838 fundo
820 1778 955 1823 cessuros
972 1762 1096 1845 pumat,

92 1847 139 1913 ubi
152 1867 230 1930 opus
240 1847 389 1929 fecissent,
407 1868 469 1912 non
482 1847 537 1912 ubi
549 1867 673 1911 manem
685 1848 913 1931 consuevissent,
931 1845 1097 1913 Cascellius

91 1941 201 2002 notra.
246 1936 400 2002 Labeonis
421 1938 603 2001 seutentiam
619 1936 724 2017 probo.

175 2025 229 2090 40.
253 2025 291 2089 D.
306 2024 358 2103 35,
375 2028 403 2105 1,
415 2025 468 2105 40,
482 2026 512 2090 4.
547 2023 637 2088 Idem
662 2020 719 2109 (se.
738 2019 924 2109 Iavolenus)
944 2023 1027 2087 libro
1049 2045 1095 2088 se

89 2112 191 2179 eundo
215 2135 254 2177 ex
277 2114 511 2197 posterioribus
529 2112 698 2177 Labeonis.
725 2148 762 2158 -
787 2112 848 2191 Qui
871 2112 1002 2175 dotalem
1023 2112 1096 2191 fun·

88 2202 161 2268 dum
177 2202 301 2267 nullum
314 2201 448 2283 babebat,
467 2204 513 2267 ita
526 2202 691 2285 byaomat:
710 2200 854 2282 ‘fundum
868 2199 1096 2280 Cornelianum,

87 2311 176 2374 quun
197 2291 255 2356 illa
278 2290 356 2355 mibi
378 2292 442 2356 ololi
463 2291 553 2374 alulit,
575 2292 604 2354 ei
626 2290 709 2355 lieres
726 2288 817 2354 data'.
860 2289 962 2353 Labeo
985 2287 1097 2369 Ofilius

88 2379 250 2446 Trebatius
280 2381 501 2463 responderunt
529 2378 664 2460 fundum
694 2377 792 2443 nihilo
824 2379 928 2442 minus
964 2377 1097 2459 leuatum

85 2489 161 2552 esse,
183 2469 273 2551 quio,
295 2489 363 2534 oum
380 2468 499 2549 fundus
519 2466 722 2533 Cornelianus
739 2469 774 2530 in
791 2488 896 2531 rurum
914 2469 1030 2530 natura
1047 2467 1096 2546 sit,

85 2558 306 2623 demonstratio
327 2557 412 2638 falsa
435 2559 569 2640 leuatum
591 2578 654 2622 non
671 2557 808 2638 pannii.

349 2741 397 2800 De
417 2741 505 2814 fundi
526 2742 714 2800 instrumento
737 2740 835 2813 leonto.

178 2858 231 2924 41.
258 2858 296 2924 D.
316 2859 369 2944 33,
389 2860 418 2941 7,
436 2858 531 2943 25pr.
580 2856 750 2923 Iavolenus
778 2857 863 2921 libro
890 2859 1031 2924 seeundo
1059 2881 1097 2924 ex

83 2944 322 3033 posterioribus
341 2947 509 3012 Labeonis.
531 2983 569 2996 -·
590 2946 699 3011 Fundi
720 2947 922 3011 instrumento
946 2948 1042 3029 leaena
1065 2949 1100 3034 id

79 3057 177 3120 pecus
206 3037 305 3101 eedem
327 3037 460 3119 putabat
488 3036 618 3113 Tubero,
650 3035 730 3117 quod
756 3037 784 3100 is
808 3035 926 3116 fundus
948 3037 1098 3102 sustinere

79 3126 250 3211 pomrssa,
275 3126 377 3190 Labeo
398 3130 513 3191 eontra.
555 3125 632 3207 quiet
652 3125 733 3189 enim
754 3125 814 3207 fiet,
837 3125 946 3206 inquit,
968 3126 1005 3204 si,
1028 3145 1098 3189 aum

83 3214 172 3280 melle
199 3235 266 3280 oues
290 3215 409 3297 fundus
437 3215 586 3279 sustinere
606 3214 768 3296 potuisset,
795 3215 855 3278 uuo
882 3213 973 3277 milio
995 3215 1098 3278 ovium

83 3304 121 3369 in
148 3323 184 3368 eo
208 3303 308 3385 funeta
332 3303 473 3386 fuerint?
514 3323 592 3384 arras
618 3322 685 3367 oues
700 3303 899 3385 potissimum
922 3302 1017 3384 bauto
1039 3322 1098 3367 aas·

83 3411 179 3459 suras
205 3391 471 3458 existimabimus?
507 3412 560 3456 nee
582 3392 788 3474 quaerendum
813 3411 887 3476 esse,
914 3392 990 3473 quid
1010 3391 1098 3456 iebu-

160 3554 175 3603 1
196 3548 272 3605 Tru.
290 3549 422 3604 traderet
