2422 3976
146 196 164 259 7
167 196 189 260 4
214 195 262 252 III.
276 195 352 250 GAII
366 193 514 252 CLAUDII
527 193 662 251 NERON.
674 193 819 250 GALBAE
830 195 939 252 ΤΕΜΡ.
948 194 1047 252 IUDIS
1057 194 1156 252 CONS.

146 361 255 513 pleprm
282 360 394 424 datum
427 358 483 442 sit,
520 357 688 422 dicendum
721 357 784 423 erit
820 357 1018 423 institoriam
1054 359 1160 426 loeum

170 470 274 514 aere.

234 559 356 618 Perniee
378 557 410 617 ΙΙ
432 579 461 635 p.
477 560 553 632 263:
577 551 665 618 ‘doeh
687 559 768 619 wohl
790 577 845 619 aus
868 551 1012 619 Cassius'.

555 757 606 823 De
622 759 752 840 peculio.

237 881 287 946 10.
319 880 357 946 D.
374 879 535 965 15,1,42.
580 882 671 946 Idem
698 878 755 968 (se.
772 877 947 968 Ulpianus)
974 880 1059 947 libro
1086 883 1159 948 duo·
1200 938 1203 949 .

146 971 270 1036 decimo
302 969 343 1034 ad
372 970 512 1035 edictum
540 969 591 1053 (P.
608 966 699 1057 418).
729 1005 767 1017 -
797 969 836 1034 In
865 969 1095 1055 adrogatorem
1122 969 1158 1036 de

146 1059 272 1143 peculio
301 1058 462 1124 actionem
485 1060 623 1124 dandam
646 1057 777 1142 quidam
800 1108 830 1123 ..
852 1062 984 1141 putant,
1012 1058 1157 1142 quamvis

148 1147 288 1213 Sabinus
312 1151 345 1212 et
364 1145 495 1212 Cassius
519 1170 558 1212 ex
581 1151 657 1212 ante
681 1151 774 1232 gesto
798 1147 838 1212 de
857 1147 982 1230 peculio
1002 1147 1158 1218 actionem

146 1259 211 1302 non
236 1258 306 1301 esse
330 1236 468 1301 dandam
494 1236 691 1301 existimant.

237 1335 287 1398 11.
315 1333 355 1397 D.
369 1332 418 1417 15,
430 1335 458 1418 1,
468 1335 497 1416 3,
507 1334 537 1399 9.
582 1333 744 1418 Ulpianus
767 1332 851 1396 libro
875 1331 1051 1398 vicensimo
1074 1353 1156 1399 nono
1183 1356 1186 1363 ·

146 1422 187 1487 ad
220 1421 360 1487 edietum
392 1421 440 1508 (P.
460 1420 563 1510 851⁸).
591 1459 633 1468 -
662 1469 696 1487 ..
729 1423 757 1486 si
788 1420 874 1486 lilius
905 1421 1085 1490 fideiussor¹
1109 1419 1156 1487 vel

147 1511 240 1595 quasi
265 1511 466 1575 interventor
494 1514 644 1596 aceeptus
668 1511 726 1594 sit,
755 1531 797 1574 an
820 1509 858 1573 de
881 1509 1009 1592 paculio
1033 1513 1156 1597 patrem

148 1600 283 1682 obligat,
306 1599 480 1682 quaeritur.
521 1603 554 1664 et
577 1604 626 1664 est
645 1649 670 1665 ..
689 1598 801 1664 Sabini
821 1601 854 1661 et
872 1595 979 1662 Cassii
997 1597 1155 1664 sententia

148 1686 401 1752 existimantium
431 1709 558 1772 semper
585 1688 724 1772 obligari
754 1692 879 1772 patrem
905 1686 944 1750 de
972 1688 1099 1770 peculio
1127 1689 1156 1751 11

148 1775 268 1840 ‹listare
291 1776 325 1840 in
348 1775 410 1840 hoe
434 1798 452 1840 a
475 1797 578 1842 servo.

488 1986 621 2059 Deposita·
642 1986 686 2045 111
708 1989 816 2045 contra.

237 2104 287 2168 12.
313 2104 351 2170 D.
364 2106 413 2186 12,
426 2105 494 2188 7‚2.
540 2103 629 2168 Idem
653 2100 710 2190 (se.
728 2099 907 2190 Ulpianus)
929 2103 1013 2167 libro
1037 2102 1154 2187 trigen-

148 2191 229 2257 simo
253 2194 391 2258 seeundo
417 2194 457 2258 ad
481 2193 620 2257 edietum
639 2188 689 2278 (P.
705 2181 800 2276 951⁶)
832 2228 874 2238 -
899 2190 934 2256 Si
956 2191 1039 2256 fullo
1065 2191 1154 2257 vesti·

147 2283 257 2344 menta
281 2282 418 2347 lavanda
441 2282 642 2364 conduxerit,
669 2279 783 2344 deinde
806 2281 932 2345 amissis
957 2280 1004 2344 eis
1029 2279 1154 2345 domino

147 2369 286 2452 pretium
323 2392 363 2435 ex
398 2370 506 2436 locato
544 2374 720 2435 conuentus
752 2370 950 2452 praestit-erit
982 2371 1155 2454 posteaque

147 2458 296 2523 dominus
315 2460 474 2524 invenerit
492 2459 695 2542 vestimenta,
720 2479 784 2541 qua
802 2457 929 2522 actione
948 2457 1068 2521 debeat
1086 2476 1155 2523 eon·

146 2548 236 2630 sequi
264 2548 404 2631 pretium
433 2546 518 2632 quod
547 2545 656 2611 dedit?
703 2553 736 2611 et
764 2546 810 2610 ait
833 2544 964 2611 Cassius
994 2567 1070 2610 eum
1096 2565 1156 2610 non

147 2636 252 2699 solum
267 2658 305 2700 ex
320 2637 476 2701 conducto
492 2656 723 2721 speratarum
738 2635 904 2700 condicere
914 2633 1046 2698 domino
1057 2653 1155 2719 posse.

236 2734 287 2798 13.
312 2733 349 2798 D.
365 2733 416 2816 16,
431 2735 462 2812 3,
478 2734 529 2816 14,
545 2735 573 2798 1.
615 2731 715 2796 Gaius
738 2731 823 2797 libro
846 2753 931 2796 nono
956 2731 995 2795 ad
1019 2731 1154 2796 edietum

145 2822 344 2905 provinciale
369 2822 418 2908 (P.
433 2819 523 2908 230).
549 2856 587 2868 -
614 2819 688 2886 Sive
712 2870 742 2887 ..
765 2842 837 2885 eum
861 2820 932 2904 ipso
956 2818 1042 2904 apud
1067 2837 1155 2904 quem

147 2908 294 2992 deposita
327 2916 376 2975 est
409 2909 467 2996 (sn.
490 2909 556 2994 res)
587 2912 693 2975 aetum
721 2908 820 2973 fuerit
848 2908 914 2973 sive
941 2929 1017 2972 eum
1045 2904 1154 2973 herede

146 2998 215 3062 eius
239 3001 271 3062 et
293 3021 350 3064 sua
368 3004 486 3064 natura
504 3020 555 3062 res
575 3001 650 3062 ante
668 3019 737 3064 rem
756 2997 931 3062 iudicatam
950 2995 1154 3078 interciderit,

145 3086 248 3151 ueluti
270 3089 297 3152 si
320 3088 418 3153 homo
443 3091 590 3153 mortuus
611 3085 719 3166 luerit,
742 3083 882 3150 Sabinus
902 3090 935 3149 et
952 3083 1088 3151 Cassius
1106 3083 1153 3151 11

145 3176 230 3240 solvi
258 3176 375 3241 ‹lebere
404 3197 477 3240 eum
504 3197 577 3240 eum
601 3196 664 3258 quo
689 3178 797 3240 aetum
820 3178 871 3238 est
894 3173 1059 3258 dixerunt,
1087 3173 1154 3260 quie

146 3286 284 3349 aequum
299 3268 385 3329 esset
398 3264 580 3328 naturalem
594 3264 762 3328 interitum
782 3262 823 3327 ad
842 3266 983 3328 actorem
998 3263 1154 3348 pertinere

144 3354 268 3523 {pppqrrirp
288 3374 360 3417 eum
378 3353 551 3417 interitura
570 3357 656 3417 esset
678 3374 717 3417 ea
733 3373 785 3416 res
805 3354 838 3416 et
857 3351 885 3416 si
902 3349 1058 3416 restituta
1076 3351 1154 3416 11111

235 3573 263 3613 v.
286 3552 318 3611 II
343 3556 359 3611 1
389 3573 417 3628 p.
438 3554 512 3614 573.
