<?xml version="1.0" encoding="UTF-8"?>
<!DOCTYPE html PUBLIC "-//W3C//DTD XHTML 1.0 Transitional//EN"
    "http://www.w3.org/TR/xhtml1/DTD/xhtml1-transitional.dtd">
<html xmlns="http://www.w3.org/1999/xhtml" xml:lang="en" lang="en">
 <head>
  <title>
</title>
<meta http-equiv="Content-Type" content="text/html;charset=utf-8" />
  <meta name='ocr-system' content='tesseract 3.04.00' />
  <meta name='ocr-capabilities' content='ocr_page ocr_carea ocr_par ocr_line ocrx_word'/>
</head>
<body>
  <div class='ocr_page' id='page_1' title='image "./iurisprudentiae01bremgoog_0033.png"; bbox 0 0 2422 3976; ppageno 0'>
   <div class='ocr_carea' id='block_1_1' title="bbox 95 183 185 237">
    <p class='ocr_par' dir='ltr' id='par_1_1' title="bbox 95 183 185 237">
     <span class='ocr_line' id='line_1_1' title="bbox 95 183 185 237; baseline -0.022 0"><span class='ocrx_word' id='word_1_1' title='bbox 95 183 185 237; x_wconf 86' lang='lat' dir='ltr'>XXVI</span> 
     </span>
    </p>
   </div>
   <div class='ocr_carea' id='block_1_2' title="bbox 64 350 1113 695">
    <p class='ocr_par' dir='ltr' id='par_1_2' title="bbox 64 350 1113 695">
     <span class='ocr_line' id='line_1_2' title="bbox 94 350 1113 428; baseline 0 -17"><span class='ocrx_word' id='word_1_2' title='bbox 94 350 315 428; x_wconf 83' lang='lat' dir='ltr'>posterioribus</span> <span class='ocrx_word' id='word_1_3' title='bbox 341 351 490 411; x_wconf 82' lang='lat' dir='ltr'><strong>Labeonis</strong></span> <span class='ocrx_word' id='word_1_4' title='bbox 519 350 684 410; x_wconf 88' lang='lat' dir='ltr'>sententiae</span> <span class='ocrx_word' id='word_1_5' title='bbox 713 351 813 411; x_wconf 87' lang='lat' dir='ltr'>variae</span> <span class='ocrx_word' id='word_1_6' title='bbox 842 354 952 411; x_wconf 86' lang='lat' dir='ltr'>extant.</span> <span class='ocrx_word' id='word_1_7' title='bbox 1004 352 1113 427; x_wconf 89' lang='lat' dir='ltr'>quihus</span> 
     </span>
     <span class='ocr_line' id='line_1_3' title="bbox 95 438 1112 518; baseline 0.001 -20"><span class='ocrx_word' id='word_1_8' title='bbox 95 440 273 518; x_wconf 77' lang='lat' dir='ltr'><strong>fragmentis</strong></span> <span class='ocrx_word' id='word_1_9' title='bbox 306 439 460 499; x_wconf 74' lang='lat' dir='ltr'>dissolutis</span> <span class='ocrx_word' id='word_1_10' title='bbox 494 458 567 498; x_wconf 86' lang='lat' dir='ltr'>suus</span> <span class='ocrx_word' id='word_1_11' title='bbox 595 438 700 516; x_wconf 89' lang='lat' dir='ltr'>cuique</span> <span class='ocrx_word' id='word_1_12' title='bbox 727 440 772 498; x_wconf 86' lang='lat' dir='ltr'>rei</span> <span class='ocrx_word' id='word_1_13' title='bbox 799 441 882 500; x_wconf 89' lang='lat' dir='ltr'>locus</span> <span class='ocrx_word' id='word_1_14' title='bbox 910 458 1112 518; x_wconf 85' lang='lat' dir='ltr'>numerusque</span> 
     </span>
     <span class='ocr_line' id='line_1_4' title="bbox 64 528 1112 607; baseline 0.001 -19"><span class='ocrx_word' id='word_1_15' title='bbox 64 568 68 573; x_wconf 93' lang='lat'>-</span> <span class='ocrx_word' id='word_1_16' title='bbox 95 529 294 607; x_wconf 86' lang='lat' dir='ltr'>assignandus</span> <span class='ocrx_word' id='word_1_17' title='bbox 326 529 398 603; x_wconf 86' lang='lat' dir='ltr'>fuit,</span> <span class='ocrx_word' id='word_1_18' title='bbox 430 547 613 606; x_wconf 89' lang='lat' dir='ltr'>quamquam</span> <span class='ocrx_word' id='word_1_19' title='bbox 639 528 705 587; x_wconf 86' lang='lat' dir='ltr'>fieri</span> <span class='ocrx_word' id='word_1_20' title='bbox 732 531 865 605; x_wconf 89' lang='lat' dir='ltr'>poterat,</span> <span class='ocrx_word' id='word_1_21' title='bbox 896 533 932 588; x_wconf 92' lang='lat' dir='ltr'>ut</span> <span class='ocrx_word' id='word_1_22' title='bbox 958 529 1112 589; x_wconf 90' lang='lat' dir='ltr'>interdum</span> 
     </span>
     <span class='ocr_line' id='line_1_5' title="bbox 95 618 1111 695; baseline 0.003 -20"><span class='ocrx_word' id='word_1_23' title='bbox 95 636 196 675; x_wconf 87' lang='lat' dir='ltr'>rerum</span> <span class='ocrx_word' id='word_1_24' title='bbox 219 635 348 677; x_wconf 85' lang='lat' dir='ltr'>conexus</span> <span class='ocrx_word' id='word_1_25' title='bbox 370 618 502 677; x_wconf 91' lang='lat' dir='ltr'>nondum</span> <span class='ocrx_word' id='word_1_26' title='bbox 525 620 700 695; x_wconf 87' lang='lat' dir='ltr'>perspectus</span> <span class='ocrx_word' id='word_1_27' title='bbox 724 620 975 693; x_wconf 80' lang='lat' dir='ltr'>corrumperetur.</span> <span class='ocrx_word' id='word_1_28' title='bbox 1018 618 1111 678; x_wconf 86' lang='lat' dir='ltr'>inter-</span> 
     </span>
    </p>
   </div>
   <div class='ocr_carea' id='block_1_3' title="bbox 95 706 1113 876">
    <p class='ocr_par' dir='ltr' id='par_1_3' title="bbox 95 706 1113 876">
     <span class='ocr_line' id='line_1_6' title="bbox 95 706 1113 784; baseline 0.002 -20"><span class='ocrx_word' id='word_1_29' title='bbox 95 706 167 764; x_wconf 89' lang='lat' dir='ltr'>dum</span> <span class='ocrx_word' id='word_1_30' title='bbox 191 706 282 765; x_wconf 90' lang='lat' dir='ltr'>etiam</span> <span class='ocrx_word' id='word_1_31' title='bbox 304 707 529 784; x_wconf 78' lang='lat' dir='ltr'>paragraphum</span> <span class='ocrx_word' id='word_1_32' title='bbox 552 707 685 767; x_wconf 81' lang='lat' dir='ltr'>diversas</span> <span class='ocrx_word' id='word_1_33' title='bbox 708 724 756 766; x_wconf 92' lang='lat' dir='ltr'>res</span> <span class='ocrx_word' id='word_1_34' title='bbox 781 707 983 767; x_wconf 90' lang='lat' dir='ltr'>continentem</span> <span class='ocrx_word' id='word_1_35' title='bbox 1008 707 1113 767; x_wconf 89' lang='lat' dir='ltr'>dissol-</span> 
     </span>
     <span class='ocr_line' id='line_1_7' title="bbox 95 787 1004 876; baseline 0 -21"><span class='ocrx_word' id='word_1_36' title='bbox 95 795 224 855; x_wconf 87' lang='lat' dir='ltr'>vendam</span> <span class='ocrx_word' id='word_1_37' title='bbox 247 795 331 872; x_wconf 86' lang='lat' dir='ltr'>duxi,</span> <span class='ocrx_word' id='word_1_38' title='bbox 354 795 449 854; x_wconf 88' lang='lat' dir='ltr'>veluti</span> <span class='ocrx_word' id='word_1_39' title='bbox 471 795 507 854; x_wconf 88' lang='lat' dir='ltr'>D.</span> <span class='ocrx_word' id='word_1_40' title='bbox 525 797 578 870; x_wconf 85' lang='lat'>43,</span> <span class='ocrx_word' id='word_1_41' title='bbox 593 797 622 872; x_wconf 82' lang='lat'>8,</span> <span class='ocrx_word' id='word_1_42' title='bbox 638 798 667 870; x_wconf 79' lang='lat'>2,</span> <span class='ocrx_word' id='word_1_43' title='bbox 683 797 724 855; x_wconf 82' lang='lat'>28</span> <span class='ocrx_word' id='word_1_44' title='bbox 749 787 801 875; x_wconf 91' lang='lat' dir='ltr'>(cf.</span> <span class='ocrx_word' id='word_1_45' title='bbox 820 795 852 854; x_wconf 92' lang='lat' dir='ltr'>II</span> <span class='ocrx_word' id='word_1_46' title='bbox 869 817 898 871; x_wconf 92' lang='lat' dir='ltr'>p.</span> <span class='ocrx_word' id='word_1_47' title='bbox 914 791 1004 876; x_wconf 88' lang='lat'>310).</span> 
     </span>
    </p>
   </div>
   <div class='ocr_carea' id='block_1_4' title="bbox 93 883 1116 2823">
    <p class='ocr_par' dir='ltr' id='par_1_4' title="bbox 94 883 1116 1226">
     <span class='ocr_line' id='line_1_8' title="bbox 184 883 1112 960; baseline 0.002 -18"><span class='ocrx_word' id='word_1_48' title='bbox 184 883 270 954; x_wconf 79' lang='lat' dir='ltr'>Quod</span> <span class='ocrx_word' id='word_1_49' title='bbox 306 884 344 943; x_wconf 92' lang='lat' dir='ltr'>ad</span> <span class='ocrx_word' id='word_1_50' title='bbox 381 884 546 942; x_wconf 88' lang='lat' dir='ltr'>sententias</span> <span class='ocrx_word' id='word_1_51' title='bbox 577 884 652 943; x_wconf 87' lang='lat' dir='ltr'>iuris</span> <span class='ocrx_word' id='word_1_52' title='bbox 684 885 888 944; x_wconf 87' lang='lat' dir='ltr'>consultorum</span> <span class='ocrx_word' id='word_1_53' title='bbox 921 903 940 943; x_wconf 88' lang='lat' dir='ltr'>a</span> <span class='ocrx_word' id='word_1_54' title='bbox 971 885 1112 960; x_wconf 89' lang='lat' dir='ltr'>pluribus</span> 
     </span>
     <span class='ocr_line' id='line_1_9' title="bbox 94 972 1116 1051; baseline 0.002 -21"><span class='ocrx_word' id='word_1_55' title='bbox 94 972 176 1031; x_wconf 86' lang='lat' dir='ltr'>varie</span> <span class='ocrx_word' id='word_1_56' title='bbox 201 974 314 1032; x_wconf 87' lang='lat' dir='ltr'>relatas</span> <span class='ocrx_word' id='word_1_57' title='bbox 343 972 462 1051; x_wconf 76' lang='lat' dir='ltr'>attinet,</span> <span class='ocrx_word' id='word_1_58' title='bbox 486 973 619 1031; x_wconf 88' lang='lat' dir='ltr'>omnium</span> <span class='ocrx_word' id='word_1_59' title='bbox 637 973 810 1032; x_wconf 86' lang='lat' dir='ltr'>testimonia</span> <span class='ocrx_word' id='word_1_60' title='bbox 828 975 1022 1049; x_wconf 88' lang='lat' dir='ltr'>proponenda</span> <span class='ocrx_word' id='word_1_61' title='bbox 1041 974 1116 1032; x_wconf 85' lang='lat' dir='ltr'>duxi</span> 
     </span>
     <span class='ocr_line' id='line_1_10' title="bbox 95 1061 1112 1139; baseline 0.002 -20"><span class='ocrx_word' id='word_1_62' title='bbox 95 1061 260 1120; x_wconf 90' lang='lat' dir='ltr'>secundum</span> <span class='ocrx_word' id='word_1_63' title='bbox 282 1061 463 1138; x_wconf 85' lang='lat' dir='ltr'>dignitatem</span> <span class='ocrx_word' id='word_1_64' title='bbox 486 1061 644 1138; x_wconf 83' lang='lat' dir='ltr'>disposita,</span> <span class='ocrx_word' id='word_1_65' title='bbox 667 1080 763 1139; x_wconf 88' lang='lat' dir='ltr'>neque</span> <span class='ocrx_word' id='word_1_66' title='bbox 786 1062 921 1138; x_wconf 89' lang='lat' dir='ltr'>priorum</span> <span class='ocrx_word' id='word_1_67' title='bbox 945 1063 1112 1122; x_wconf 89' lang='lat' dir='ltr'>sententias</span> 
     </span>
     <span class='ocr_line' id='line_1_11' title="bbox 95 1149 912 1226; baseline 0.002 -18"><span class='ocrx_word' id='word_1_68' title='bbox 95 1151 264 1224; x_wconf 83' lang='lat' dir='ltr'>apostoris</span> <span class='ocrx_word' id='word_1_69' title='bbox 288 1150 431 1226; x_wconf 83' lang='lat' dir='ltr'>probatas</span> <span class='ocrx_word' id='word_1_70' title='bbox 455 1151 535 1226; x_wconf 89' lang='lat' dir='ltr'>apud</span> <span class='ocrx_word' id='word_1_71' title='bbox 557 1149 612 1209; x_wconf 91' lang='lat' dir='ltr'>hos</span> <span class='ocrx_word' id='word_1_72' title='bbox 635 1150 815 1210; x_wconf 88' lang='lat' dir='ltr'>omittendas</span> <span class='ocrx_word' id='word_1_73' title='bbox 838 1169 912 1211; x_wconf 89' lang='lat' dir='ltr'>esse.</span> 
     </span>
    </p>

    <p class='ocr_par' dir='ltr' id='par_1_5' title="bbox 93 1238 1112 1564">
     <span class='ocr_line' id='line_1_12' title="bbox 184 1238 1108 1318; baseline 0.001 -20"><span class='ocrx_word' id='word_1_74' title='bbox 184 1238 299 1308; x_wconf 83' lang='lat' dir='ltr'>Quibus</span> <span class='ocrx_word' id='word_1_75' title='bbox 328 1238 456 1298; x_wconf 91' lang='lat' dir='ltr'>rubricis</span> <span class='ocrx_word' id='word_1_76' title='bbox 488 1239 657 1316; x_wconf 87' lang='lat' dir='ltr'>fragmenta</span> <span class='ocrx_word' id='word_1_77' title='bbox 685 1239 836 1318; x_wconf 79' lang='lat' dir='ltr'>inscripsi,</span> <span class='ocrx_word' id='word_1_78' title='bbox 863 1239 901 1299; x_wconf 90' lang='lat' dir='ltr'>iis</span> <span class='ocrx_word' id='word_1_79' title='bbox 928 1240 1108 1318; x_wconf 89' lang='lat' dir='ltr'>plerumque</span> 
     </span>
     <span class='ocr_line' id='line_1_13' title="bbox 93 1327 1109 1406; baseline 0.003 -21"><span class='ocrx_word' id='word_1_80' title='bbox 93 1346 154 1387; x_wconf 89' lang='lat' dir='ltr'>non</span> <span class='ocrx_word' id='word_1_81' title='bbox 179 1347 283 1387; x_wconf 89' lang='lat' dir='ltr'>rerum</span> <span class='ocrx_word' id='word_1_82' title='bbox 317 1327 368 1404; x_wconf 92' lang='lat' dir='ltr'>qui</span> <span class='ocrx_word' id='word_1_83' title='bbox 403 1328 475 1387; x_wconf 91' lang='lat' dir='ltr'>olim</span> <span class='ocrx_word' id='word_1_84' title='bbox 507 1327 626 1388; x_wconf 87' lang='lat' dir='ltr'>exstitit</span> <span class='ocrx_word' id='word_1_85' title='bbox 651 1346 796 1387; x_wconf 85' lang='lat' dir='ltr'>conexum</span> <span class='ocrx_word' id='word_1_86' title='bbox 828 1327 990 1406; x_wconf 86' lang='lat' dir='ltr'>significari</span> <span class='ocrx_word' id='word_1_87' title='bbox 1017 1329 1109 1406; x_wconf 84' lang='lat' dir='ltr'>volui,</span> 
     </span>
     <span class='ocr_line' id='line_1_14' title="bbox 94 1417 1112 1494; baseline 0.001 -19"><span class='ocrx_word' id='word_1_88' title='bbox 94 1417 146 1475; x_wconf 91' lang='lat' dir='ltr'>sed</span> <span class='ocrx_word' id='word_1_89' title='bbox 181 1417 282 1492; x_wconf 86' lang='lat' dir='ltr'>potius</span> <span class='ocrx_word' id='word_1_90' title='bbox 315 1417 553 1494; x_wconf 82' lang='lat' dir='ltr'>fragmentorum</span> <span class='ocrx_word' id='word_1_91' title='bbox 582 1417 682 1492; x_wconf 91' lang='lat' dir='ltr'>qualia</span> <span class='ocrx_word' id='word_1_92' title='bbox 712 1417 802 1476; x_wconf 93' lang='lat' dir='ltr'>hodie</span> <span class='ocrx_word' id='word_1_93' title='bbox 830 1418 901 1477; x_wconf 88' lang='lat' dir='ltr'>sunt</span> <span class='ocrx_word' id='word_1_94' title='bbox 933 1421 1112 1494; x_wconf 84' lang='lat' dir='ltr'>argumenta</span> 
     </span>
     <span class='ocr_line' id='line_1_15' title="bbox 93 1505 226 1564; baseline 0.008 -1"><span class='ocrx_word' id='word_1_95' title='bbox 93 1505 226 1564; x_wconf 91' lang='lat' dir='ltr'>indicari.</span> 
     </span>
    </p>

    <p class='ocr_par' dir='ltr' id='par_1_6' title="bbox 93 1592 1110 1759">
     <span class='ocr_line' id='line_1_16' title="bbox 182 1592 1110 1673; baseline 0.004 -23"><span class='ocrx_word' id='word_1_96' title='bbox 182 1593 318 1669; x_wconf 88' lang='lat' dir='ltr'>Denique</span> <span class='ocrx_word' id='word_1_97' title='bbox 352 1592 540 1670; x_wconf 84' lang='lat' dir='ltr'>singulorum</span> <span class='ocrx_word' id='word_1_98' title='bbox 568 1594 761 1670; x_wconf 89' lang='lat' dir='ltr'>prudentium</span> <span class='ocrx_word' id='word_1_99' title='bbox 790 1594 942 1654; x_wconf 89' lang='lat' dir='ltr'>doctrinae</span> <span class='ocrx_word' id='word_1_100' title='bbox 972 1595 1110 1673; x_wconf 92' lang='lat' dir='ltr'>reliquiis</span> 
     </span>
     <span class='ocr_line' id='line_1_17' title="bbox 93 1681 778 1759; baseline 0.001 -18"><span class='ocrx_word' id='word_1_101' title='bbox 93 1681 189 1742; x_wconf 85' lang='lat' dir='ltr'>vitam</span> <span class='ocrx_word' id='word_1_102' title='bbox 212 1683 398 1759; x_wconf 89' lang='lat' dir='ltr'>honoresque</span> <span class='ocrx_word' id='word_1_103' title='bbox 421 1683 642 1757; x_wconf 87' lang='lat' dir='ltr'>praemittenda</span> <span class='ocrx_word' id='word_1_104' title='bbox 664 1684 778 1758; x_wconf 86' lang='lat' dir='ltr'>putavi.</span> 
     </span>
    </p>

    <p class='ocr_par' dir='ltr' id='par_1_7' title="bbox 93 1769 1110 2823">
     <span class='ocr_line' id='line_1_18' title="bbox 182 1769 1109 1850; baseline 0.003 -21"><span class='ocrx_word' id='word_1_105' title='bbox 182 1769 219 1829; x_wconf 91' lang='lat' dir='ltr'>In</span> <span class='ocrx_word' id='word_1_106' title='bbox 240 1771 331 1829; x_wconf 89' lang='lat' dir='ltr'>rebus</span> <span class='ocrx_word' id='word_1_107' title='bbox 355 1769 392 1829; x_wconf 88' lang='lat' dir='ltr'>ad</span> <span class='ocrx_word' id='word_1_108' title='bbox 414 1771 608 1848; x_wconf 85' lang='lat' dir='ltr'>philologiam</span> <span class='ocrx_word' id='word_1_109' title='bbox 631 1772 862 1850; x_wconf 86' lang='lat' dir='ltr'>pertinentibus,</span> <span class='ocrx_word' id='word_1_110' title='bbox 886 1772 957 1831; x_wconf 92' lang='lat' dir='ltr'>dum</span> <span class='ocrx_word' id='word_1_111' title='bbox 978 1773 1109 1847; x_wconf 90' lang='lat' dir='ltr'>priorem</span> 
     </span>
     <span class='ocr_line' id='line_1_19' title="bbox 95 1859 1107 1938; baseline 0.002 -19"><span class='ocrx_word' id='word_1_112' title='bbox 95 1860 193 1937; x_wconf 92' lang='lat' dir='ltr'>operis</span> <span class='ocrx_word' id='word_1_113' title='bbox 215 1861 333 1934; x_wconf 88' lang='lat' dir='ltr'>partem</span> <span class='ocrx_word' id='word_1_114' title='bbox 355 1861 467 1936; x_wconf 87' lang='lat' dir='ltr'>tracto,</span> <span class='ocrx_word' id='word_1_115' title='bbox 493 1859 660 1918; x_wconf 88' lang='lat' dir='ltr'>adiutorem</span> <span class='ocrx_word' id='word_1_116' title='bbox 682 1864 874 1938; x_wconf 85' lang='lat' dir='ltr'>perpetuum,</span> <span class='ocrx_word' id='word_1_117' title='bbox 897 1860 929 1919; x_wconf 89' lang='lat' dir='ltr'>id</span> <span class='ocrx_word' id='word_1_118' title='bbox 951 1861 1032 1936; x_wconf 89' lang='lat' dir='ltr'>quod</span> <span class='ocrx_word' id='word_1_119' title='bbox 1055 1881 1107 1937; x_wconf 91' lang='lat' dir='ltr'>ap·</span> 
     </span>
     <span class='ocr_line' id='line_1_20' title="bbox 93 1946 1109 2025; baseline 0.003 -18"><span class='ocrx_word' id='word_1_120' title='bbox 93 1967 198 2025; x_wconf 90' lang='lat' dir='ltr'>parere</span> <span class='ocrx_word' id='word_1_121' title='bbox 221 1949 322 2024; x_wconf 83' lang='lat' dir='ltr'>doleo,</span> <span class='ocrx_word' id='word_1_122' title='bbox 346 1966 406 2007; x_wconf 90' lang='lat' dir='ltr'>non</span> <span class='ocrx_word' id='word_1_123' title='bbox 430 1950 537 2007; x_wconf 90' lang='lat' dir='ltr'>nactus</span> <span class='ocrx_word' id='word_1_124' title='bbox 557 1946 682 2006; x_wconf 88' lang='lat' dir='ltr'>subinde</span> <span class='ocrx_word' id='word_1_125' title='bbox 701 1967 720 2007; x_wconf 88' lang='lat' dir='ltr'>a</span> <span class='ocrx_word' id='word_1_126' title='bbox 739 1949 916 2011; x_wconf 81' lang='lat' dir='ltr'>Richardo</span> <span class='ocrx_word' id='word_1_127' title='bbox 935 1949 1109 2025; x_wconf 87' lang='lat' dir='ltr'>Heinzeo,</span> 
     </span>
     <span class='ocr_line' id='line_1_21' title="bbox 93 2036 1110 2114; baseline 0.003 -18"><span class='ocrx_word' id='word_1_128' title='bbox 93 2041 160 2096; x_wconf 89' lang='lat' dir='ltr'>tum</span> <span class='ocrx_word' id='word_1_129' title='bbox 187 2037 303 2114; x_wconf 82' lang='lat' dir='ltr'>collega</span> <span class='ocrx_word' id='word_1_130' title='bbox 330 2036 555 2114; x_wconf 86' lang='lat' dir='ltr'>Argentinensi‚</span> <span class='ocrx_word' id='word_1_131' title='bbox 586 2055 665 2096; x_wconf 88' lang='lat' dir='ltr'>nunc</span> <span class='ocrx_word' id='word_1_132' title='bbox 691 2037 894 2110; x_wconf 89' lang='lat' dir='ltr'>Berolinensi,</span> <span class='ocrx_word' id='word_1_133' title='bbox 923 2038 1048 2099; x_wconf 87' lang='lat' dir='ltr'>consilio</span> <span class='ocrx_word' id='word_1_134' title='bbox 1079 2042 1110 2099; x_wconf 91' lang='lat' dir='ltr'>et</span> 
     </span>
     <span class='ocr_line' id='line_1_22' title="bbox 94 2126 1108 2204; baseline 0.003 -20"><span class='ocrx_word' id='word_1_135' title='bbox 94 2127 231 2185; x_wconf 88' lang='lat' dir='ltr'>doctrina</span> <span class='ocrx_word' id='word_1_136' title='bbox 253 2126 375 2184; x_wconf 91' lang='lat' dir='ltr'>adiutus</span> <span class='ocrx_word' id='word_1_137' title='bbox 399 2145 473 2186; x_wconf 86' lang='lat' dir='ltr'>eum.</span> <span class='ocrx_word' id='word_1_138' title='bbox 510 2127 542 2185; x_wconf 90' lang='lat' dir='ltr'>in</span> <span class='ocrx_word' id='word_1_139' title='bbox 565 2126 661 2184; x_wconf 92' lang='lat' dir='ltr'>altera</span> <span class='ocrx_word' id='word_1_140' title='bbox 683 2127 782 2202; x_wconf 91' lang='lat' dir='ltr'>operis</span> <span class='ocrx_word' id='word_1_141' title='bbox 806 2128 900 2204; x_wconf 80' lang='lat' dir='ltr'>parte,</span> <span class='ocrx_word' id='word_1_142' title='bbox 925 2127 1023 2203; x_wconf 91' lang='lat' dir='ltr'>quoad</span> <span class='ocrx_word' id='word_1_143' title='bbox 1043 2127 1108 2187; x_wconf 89' lang='lat' dir='ltr'>eius</span> 
     </span>
     <span class='ocr_line' id='line_1_23' title="bbox 93 2214 1108 2294; baseline 0.003 -21"><span class='ocrx_word' id='word_1_144' title='bbox 93 2217 163 2290; x_wconf 87' lang='lat' dir='ltr'>post</span> <span class='ocrx_word' id='word_1_145' title='bbox 186 2214 368 2274; x_wconf 85' lang='lat' dir='ltr'>domicilium</span> <span class='ocrx_word' id='word_1_146' title='bbox 391 2234 409 2274; x_wconf 92' lang='lat' dir='ltr'>a</span> <span class='ocrx_word' id='word_1_147' title='bbox 431 2235 479 2274; x_wconf 90' lang='lat' dir='ltr'>me</span> <span class='ocrx_word' id='word_1_148' title='bbox 501 2216 653 2274; x_wconf 89' lang='lat' dir='ltr'>mutatum</span> <span class='ocrx_word' id='word_1_149' title='bbox 675 2215 706 2273; x_wconf 93' lang='lat' dir='ltr'>in</span> <span class='ocrx_word' id='word_1_150' title='bbox 729 2217 816 2274; x_wconf 85' lang='lat' dir='ltr'>tanta</span> <span class='ocrx_word' id='word_1_151' title='bbox 837 2217 970 2275; x_wconf 90' lang='lat' dir='ltr'>locorum</span> <span class='ocrx_word' id='word_1_152' title='bbox 989 2216 1108 2294; x_wconf 87' lang='lat' dir='ltr'>longin-</span> 
     </span>
     <span class='ocr_line' id='line_1_24' title="bbox 94 2302 1107 2382; baseline 0.003 -21"><span class='ocrx_word' id='word_1_153' title='bbox 94 2303 210 2380; x_wconf 88' lang='lat' dir='ltr'>quitate</span> <span class='ocrx_word' id='word_1_154' title='bbox 233 2302 298 2362; x_wconf 90' lang='lat' dir='ltr'>fieri</span> <span class='ocrx_word' id='word_1_155' title='bbox 321 2305 431 2379; x_wconf 86' lang='lat' dir='ltr'>posset,</span> <span class='ocrx_word' id='word_1_156' title='bbox 454 2303 491 2363; x_wconf 91' lang='lat' dir='ltr'>H.</span> <span class='ocrx_word' id='word_1_157' title='bbox 512 2303 740 2381; x_wconf 85' lang='lat' dir='ltr'>Schroederi,</span> <span class='ocrx_word' id='word_1_158' title='bbox 760 2304 909 2382; x_wconf 85' lang='lat' dir='ltr'>gymnasii</span> <span class='ocrx_word' id='word_1_159' title='bbox 932 2304 1107 2364; x_wconf 85' lang='lat' dir='ltr'>Protestsn·</span> 
     </span>
     <span class='ocr_line' id='line_1_25' title="bbox 93 2391 1107 2471; baseline 0.004 -21"><span class='ocrx_word' id='word_1_160' title='bbox 93 2391 171 2450; x_wconf 87' lang='lat' dir='ltr'>tium</span> <span class='ocrx_word' id='word_1_161' title='bbox 189 2392 417 2468; x_wconf 86' lang='lat' dir='ltr'>Argentinensis</span> <span class='ocrx_word' id='word_1_162' title='bbox 441 2392 626 2468; x_wconf 84' lang='lat' dir='ltr'>professoris,</span> <span class='ocrx_word' id='word_1_163' title='bbox 648 2392 731 2452; x_wconf 91' lang='lat' dir='ltr'>fideli</span> <span class='ocrx_word' id='word_1_164' title='bbox 749 2412 841 2468; x_wconf 90' lang='lat' dir='ltr'>opera</span> <span class='ocrx_word' id='word_1_165' title='bbox 859 2397 950 2471; x_wconf 90' lang='lat' dir='ltr'>atque</span> <span class='ocrx_word' id='word_1_166' title='bbox 969 2393 1107 2454; x_wconf 88' lang='lat' dir='ltr'>doctrina</span> 
     </span>
     <span class='ocr_line' id='line_1_26' title="bbox 93 2480 1106 2556; baseline 0.002 -16"><span class='ocrx_word' id='word_1_167' title='bbox 93 2498 165 2540; x_wconf 90' lang='lat' dir='ltr'>usus</span> <span class='ocrx_word' id='word_1_168' title='bbox 194 2501 269 2540; x_wconf 87' lang='lat' dir='ltr'>sum.</span> <span class='ocrx_word' id='word_1_169' title='bbox 314 2481 440 2556; x_wconf 86' lang='lat' dir='ltr'>denique</span> <span class='ocrx_word' id='word_1_170' title='bbox 466 2480 640 2540; x_wconf 86' lang='lat' dir='ltr'>Alfredus</span> <span class='ocrx_word' id='word_1_171' title='bbox 663 2481 826 2555; x_wconf 86' lang='lat' dir='ltr'>Pernice,</span> <span class='ocrx_word' id='word_1_172' title='bbox 854 2482 967 2542; x_wconf 90' lang='lat' dir='ltr'>amicus</span> <span class='ocrx_word' id='word_1_173' title='bbox 995 2483 1106 2542; x_wconf 87' lang='lat' dir='ltr'>harum</span> 
     </span>
     <span class='ocr_line' id='line_1_27' title="bbox 93 2569 1108 2648; baseline 0.003 -21"><span class='ocrx_word' id='word_1_174' title='bbox 93 2588 193 2628; x_wconf 89' lang='lat' dir='ltr'>rerum</span> <span class='ocrx_word' id='word_1_175' title='bbox 210 2569 298 2628; x_wconf 92' lang='lat' dir='ltr'>unice</span> <span class='ocrx_word' id='word_1_176' title='bbox 317 2569 440 2648; x_wconf 90' lang='lat' dir='ltr'>peritus,</span> <span class='ocrx_word' id='word_1_177' title='bbox 464 2571 587 2629; x_wconf 88' lang='lat' dir='ltr'>schedas</span> <span class='ocrx_word' id='word_1_178' title='bbox 605 2571 838 2647; x_wconf 84' lang='lat' dir='ltr'>typographicae</span> <span class='ocrx_word' id='word_1_179' title='bbox 858 2571 961 2646; x_wconf 89' lang='lat' dir='ltr'>legens</span> <span class='ocrx_word' id='word_1_180' title='bbox 981 2571 1108 2631; x_wconf 87' lang='lat' dir='ltr'>adnota-</span> 
     </span>
     <span class='ocr_line' id='line_1_28' title="bbox 95 2658 1107 2738; baseline 0.003 -21"><span class='ocrx_word' id='word_1_181' title='bbox 95 2658 190 2717; x_wconf 90' lang='lat' dir='ltr'>tiones</span> <span class='ocrx_word' id='word_1_182' title='bbox 213 2659 325 2717; x_wconf 88' lang='lat' dir='ltr'>multas</span> <span class='ocrx_word' id='word_1_183' title='bbox 349 2676 456 2734; x_wconf 90' lang='lat' dir='ltr'>easque</span> <span class='ocrx_word' id='word_1_184' title='bbox 481 2658 603 2718; x_wconf 86' lang='lat' dir='ltr'>eximias</span> <span class='ocrx_word' id='word_1_185' title='bbox 627 2678 743 2718; x_wconf 90' lang='lat' dir='ltr'>mecum</span> <span class='ocrx_word' id='word_1_186' title='bbox 767 2659 1006 2738; x_wconf 83' lang='lat' dir='ltr'>communicavit,</span> <span class='ocrx_word' id='word_1_187' title='bbox 1031 2679 1107 2738; x_wconf 87' lang='lat' dir='ltr'>quas</span> 
     </span>
     <span class='ocr_line' id='line_1_29' title="bbox 93 2746 638 2823; baseline 0.009 -19"><span class='ocrx_word' id='word_1_188' title='bbox 93 2746 299 2806; x_wconf 87' lang='lat' dir='ltr'>lubentissime</span> <span class='ocrx_word' id='word_1_189' title='bbox 323 2764 377 2806; x_wconf 90' lang='lat' dir='ltr'>suo</span> <span class='ocrx_word' id='word_1_190' title='bbox 400 2748 464 2807; x_wconf 93' lang='lat' dir='ltr'>loco</span> <span class='ocrx_word' id='word_1_191' title='bbox 488 2747 638 2823; x_wconf 89' lang='lat' dir='ltr'>proposui.</span> 
     </span>
    </p>
   </div>
   <div class='ocr_carea' id='block_1_5' title="bbox 183 2887 959 2965">
    <p class='ocr_par' dir='ltr' id='par_1_8' title="bbox 183 2887 959 2965">
     <span class='ocr_line' id='line_1_30' title="bbox 183 2887 959 2965; baseline 0.005 -19"><span class='ocrx_word' id='word_1_192' title='bbox 183 2887 294 2965; x_wconf 84' lang='lat' dir='ltr'>Scripsi</span> <span class='ocrx_word' id='word_1_193' title='bbox 316 2887 438 2948; x_wconf 90' lang='lat' dir='ltr'>Bonnae</span> <span class='ocrx_word' id='word_1_194' title='bbox 462 2908 562 2949; x_wconf 88' lang='lat' dir='ltr'>mense</span> <span class='ocrx_word' id='word_1_195' title='bbox 585 2889 748 2950; x_wconf 86' lang='lat' dir='ltr'>Novembri</span> <span class='ocrx_word' id='word_1_196' title='bbox 772 2890 842 2949; x_wconf 87' lang='lat' dir='ltr'>anni</span> <span class='ocrx_word' id='word_1_197' title='bbox 864 2889 959 2950; x_wconf 80' lang='lat' dir='ltr'><strong>MCM.</strong></span> 
     </span>
    </p>
   </div>
   <div class='ocr_carea' id='block_1_6' title="bbox 0 0 1216 3976">
    <p class='ocr_par' dir='ltr' id='par_1_9' title="bbox 0 0 1216 3976">
     <span class='ocr_line' id='line_1_31' title="bbox 0 0 1216 3976; baseline 0 1"><span class='ocrx_word' id='word_1_198' title='bbox 0 0 1216 3976; x_wconf 95' lang='lat' dir='ltr'> </span> 
     </span>
    </p>
   </div>
  </div>
 </body>
</html>
