2422 3976
387 189 413 241 4.
436 184 467 239 1..
485 182 671 239 NERATIUS
688 182 837 240 PRISCUS
1050 183 1115 249 353

115 346 233 415 traditio
259 369 299 414 ex
322 368 433 432 cause,
460 369 556 432 quam
579 369 688 412 veram
712 368 781 412 esse
804 348 967 430 existimo,
995 347 1116 413 sufficit

115 436 149 501 cd
168 436 379 520 efficiendum,
401 440 438 502 ut
459 436 493 501 id
516 435 601 521 quod
621 436 702 501 mihi
720 436 874 500 traditum
894 440 944 502 est
961 459 1021 522 pro
1040 458 1113 502 meo

114 524 309 612 possideam}
354 528 387 590 et
408 526 457 590 ito
479 524 633 591 Neratius
656 525 795 610 scripsit.

189 619 371 697 Pomponius
393 618 489 680 addit:
513 613 615 695 ‘idque
637 638 744 679 verum
765 612 860 696 pnto'.
898 619 933 679 de
956 621 1073 680 ratione
1096 639 1115 680 a

114 706 284 769 'triboniano
307 708 425 770 adiecto
447 728 475 768 v.
494 707 617 768 Pernice
639 699 684 767 Π*
706 728 736 784 p.
750 710 824 769 401.
839 710 903 769 406
927 728 956 768 n.
972 711 1001 769 2.

189 797 283 858 Lenel
310 798 517 876 fragmentum
543 797 786 857 Membrenorum
813 797 891 857 libro
919 797 946 854 V
974 798 1116 857 attribuit

113 886 212 951 colluto
231 886 270 947 D.
284 888 337 964 22,
352 890 381 964 6,
397 889 425 965 2,
449 886 501 947 sed
524 888 702 964 argumento
724 904 784 945 non
808 886 880 946 sotis
903 886 1009 946 idoneo
1032 905 1114 946 usus.

59 1006 61 1025 ¹
189 979 254 1045 62?
283 978 322 1044 D.
335 980 389 1061 41,
404 979 491 1062 10,4
499 1000 546 1062 pr.
592 977 683 1043 Idem
712 975 769 1066 (ec.
788 975 1001 1066 Pomponius)
1030 979 1114 1043 libro

59 1120 61 1125 .
112 1066 292 1153 trigcnsimo
321 1068 460 1133 secundo
488 1067 529 1132 od
557 1064 715 1133 Sabinum
742 1064 793 1155 (P.
813 1067 900 1151 769).
928 1103 970 1114 -
997 1066 1032 1133 Si
1060 1090 1114 1132 au-

59 1204 62 1241 ?
111 1156 208 1222 cilium
243 1156 398 1222 furtivum
431 1157 539 1221 emisti
570 1155 632 1220 fide
665 1157 750 1220 bona
782 1155 975 1241 (qnodque)
1006 1178 1045 1221 ex
1077 1179 1115 1222 ea

59 1246 62 1263 '
109 1248 213 1311 notum
233 1251 267 1311 et
284 1245 370 1330 opud
388 1251 421 1310 te
440 1248 630 1329 conceptum
649 1250 699 1309 est
716 1245 763 1310 itu
776 1245 960 1329 possedisti,
978 1249 1015 1309 ut
1028 1247 1114 1311 intre

107 1333 237 1401 auocm¹
261 1356 472 1420 cognosceres
496 1338 634 1399 matrem
657 1335 725 1399 eius
748 1334 903 1398 furtivam
926 1356 1010 1417 esse,
1037 1333 1114 1399 Tre-

107 1420 209 1489 batius
236 1422 407 1508 (Neratius
418 1420 451 1510 P)
483 1425 571 1487 omni
601 1422 711 1507 modo,
740 1422 826 1508 quod
853 1424 900 1488 ita
926 1444 1114 1507 possessum

105 1516 195 1591 esset,
218 1522 413 1597 usucaptum
436 1533 516 1576 esse.

186 1606 311 1666 Pernice
335 1606 387 1683 qui
404 1605 436 1664 ΙΙ
449 1626 478 1681 p.
490 1608 553 1665 204
568 1624 595 1665 n.
606 1607 649 1664 44
673 1603 787 1664 Oniocii
810 1605 1011 1665 coniecturam
1034 1605 1114 1666 haud

103 1692 143 1754 ite
163 1714 291 1773 pravom
313 1713 378 1754 esso
400 1688 484 1773 (ξω
500 1694 585 1754 nicht
604 1712 636 1754 so
655 1686 753 1775 obel')
773 1693 857 1770 dixit,
880 1694 911 1752 in
930 1695 1026 1755 altere
1043 1695 1113 1754 libri

103 1782 229 1845 editione
257 1805 286 1861 p.
306 1785 369 1844 402
393 1786 456 1844 n3
486 1783 582 1861 magis
607 1781 738 1855 dubitet,
767 1801 820 1842 nec
843 1783 941 1843 minus
965 1784 1057 1844 Lenol
1081 1785 1114 1843 in

102 1872 130 1934 P.
151 1873 235 1950 opud
258 1872 434 1933 Trebatium
459 1873 508 1932 77.
752 1892 755 1897 “

379 2088 408 2147 2.
439 2084 493 2144 Ad
515 2086 571 2144 ins
595 2085 837 2146 honorarium.

184 2204 372 2281 Ptogmento
389 2200 524 2277 disposui
542 2199 706 2260 secundum
724 2200 855 2260 edictum
874 2219 892 2258 o
910 2200 1026 2260 Iuliano
1045 2219 1113 2260 oon·

99 2294 249 2355 stitutum.

271 2410 334 2492 Qui
354 2411 418 2475 nisi
435 2429 495 2491 pro
517 2409 607 2474 certis
623 2408 767 2490 personis
784 2409 948 2490 postulent.

185 2519 240 2585 63.
258 2516 299 2583 D.
309 2518 339 2599 3,
349 2517 442 2599 2,11,
451 2517 481 2580 3.
521 2514 681 2598 Ulpianus
700 2515 783 2579 libro
803 2518 894 2578 sexto
914 2513 953 2577 ed
972 2513 1112 2579 edictum

99 2604 146 2696 (P.
165 2607 267 2685 284).
285 2642 329 2654 -
357 2605 431 2670 Non
465 2605 570 2669 solent
600 2652 633 2669 ..
663 2603 780 2686 lugeri,
812 2608 849 2666 ut
876 2602 1029 2681 Neratius
1058 2602 1111 2687 ait,

99 2696 211 2763 hostes
238 2696 291 2761 vel
319 2692 549 2780 perduellionis
576 2693 720 2757 damnati
747 2713 806 2756 neo
829 2691 1030 2775 suspendiosi
1052 2714 1112 2757 nec

99 2787 154 2871 qni
176 2806 294 2850 manus
317 2783 381 2849 sibi
403 2783 582 2847 intulerunt
604 2803 669 2846 non
692 2780 799 2845 taedio
825 2781 922 2863 vitae,
947 2780 1001 2845 sed
1025 2782 1112 2846 mala

96 2874 304 2941 conscientia.

108 3052 202 3135 Quod
222 3052 429 3132 cuiuscunque
450 3047 673 3183 universitatis?
684 3047 808 3111 concine
829 3047 875 3112 cel
896 3053 1004 3113 contro
1025 3068 1093 3112 com

187 3248 241 3312 64.
268 3244 375 3329 D.50,
391 3246 441 3325 16,
456 3244 507 3310 85.
537 3143 725 3308 aiiiiirellus
753 3242 837 3308 libro
864 3244 968 3328 primo
996 3240 1111 3324 Diges-

94 3339 216 3510 {pp-pomp!
216 3333 275 3489 gl.
285 3331 332 3420 6).
350 3370 392 3382 -
411 3330 565 3397 Neratius
585 3331 715 3397 Priscus
738 3335 805 3396 tres
823 3331 927 3397 facere
946 3329 1112 3394 existimet

173 3555 184 3600 1
209 3544 284 3601 Treb.
302 3544 378 3599 intro
396 3541 579 3600 constitutum
598 3542 761 3612 nsnccpioni
779 3544 898 3612 tempus.

149 3645 251 3695 Iurlspr.
264 3644 382 3685 sutehedr.
397 3644 447 3685 rell
462 3643 497 3685 ed
511 3642 611 3684 Bremer.
634 3642 666 3693 11,
681 3645 699 3683 2.
864 3634 898 3682 23
