2422 3976
91 192 158 256 210
181 192 227 247 lV.
241 188 459 245 VESPASIANI
471 187 542 242 'I'ITI
556 187 751 244 DOMITIANI
763 186 871 244 ΤΕΜΡ.
886 185 981 242 lURIS
997 185 1104 242 CONS.

494 387 545 452 Dc
566 387 702 452 arbitrie.

182 513 234 577 26.
263 510 301 576 D.
315 513 345 586 4,
360 513 389 595 8,
403 514 456 593 21,
471 512 523 576 10.
562 508 722 594 Ulpianus
748 509 831 573 libro
853 509 952 574 tertio
976 509 1106 574 decimo

94 601 135 665 ad
159 601 298 665 edictum
321 599 370 685 (P.
384 599 473 686 460).
499 636 536 647 -
563 598 598 664 si
621 599 742 662 arbiter
763 599 859 662 iussit
876 603 956 682 puta
973 598 1007 662 in
1027 621 1107 683 pro-

94 689 200 755 uincia
232 688 343 754 adesse
374 689 569 773 litigatores,
602 709 674 751 cum
702 685 826 751 Romae
853 691 940 751 esset
965 686 1000 750 in
1029 709 1106 752 eum

95 778 370 862 compromissum,
393 801 434 842 an
458 778 487 842 ei
510 777 641 860 impune
660 798 726 841 non
745 777 904 858 pareatur,
928 775 1108 858 quaeritur.

95 867 237 951 ...quid
253 917 259 930 .
274 917 280 930 .
297 868 324 930 si
350 869 385 930 in
410 888 448 930 eo
472 867 557 946 loco,
585 865 639 947 qui
662 865 706 928 sit
728 867 812 928 eirca
835 864 962 947 urbem,
988 865 1109 930 adesse

94 955 245 1020 iusserit?
290 955 434 1039 Pegasus
458 954 603 1020 admittit
626 953 733 1017 valere
754 953 887 1017 iussum.

519 1150 678 1158 -———·

418 1289 458 1371 3.
495 1293 776 1366 OOTAVDNUS

183 1455 397 1534 iurisperitus,
415 1455 550 1531 quicum
568 1455 819 1515 senatusconsulti
836 1455 995 1532 Pegasiani
1013 1458 1110 1518 ratio·

95 1563 164 1603 nem
191 1545 302 1602 babeat
324 1544 359 1602 D.
375 1545 425 1620 36,
442 1548 470 1622 1,
489 1546 544 1619 69,
570 1545 634 1619 ipse
657 1544 695 1603 ab
718 1543 854 1602 Abumio
878 1543 1009 1603 Valente
1034 1549 1066 1606 et
1089 1565 1111 1605 a

96 1631 259 1708 Pomponio
283 1625 333 1713 (D.
354 1635 450 1709 36,1,
470 1635 565 1709 6961.
588 1634 624 1694 D.
640 1636 691 1710 19,
707 1635 735 1708 1,
750 1625 816 1712 55),
839 1633 929 1708 idque
952 1652 1015 1692 una
1039 1654 1109 1694 cum

98 1722 237 1779 Aristone
261 1714 389 1800 (Aristo
417 1725 448 1780 61
475 1719 644 1781 Octauenus
668 1715 831 1797 putabant'
860 1722 895 1781 D.
914 1723 970 1797 40,
991 1725 1027 1798 5,
1049 1717 1107 1802 20)

96 1808 244 1886 laudetur,
257 1808 434 1885 Vespasiani
448 1810 511 1868 fere
520 1810 628 1869 aetatis
638 1811 721 1886 uixit,
734 1812 867 1869 ceterum
876 1810 962 1869 nobis
972 1809 1107 1889 ignotus,

96 1897 148 1973 qui
165 1915 225 1956 non
242 1898 456 1976 respondendo,
477 1899 528 1957 sed
545 1898 673 1958 fortasse
690 1897 750 1956 iuri
763 1898 904 1975 docendo,
922 1903 1004 1958 certe
1018 1900 1109 1961 libris

97 1985 259 2045 scribendis
282 2004 402 2061 operam
425 1986 515 2063 dedit,
538 1985 648 2065 Sabini,
670 1989 704 2045 ut
727 1985 858 2046 conicere
876 1989 956 2065 licet,
975 1990 1107 2049 auditor.

186 2073 408 2134 Sententiarum
434 2075 528 2133 maior
555 2093 624 2151 pars
653 2075 688 2134 de
715 2075 809 2134 seruis
835 2077 884 2135 uel
906 2075 1027 2138 libertis
1050 2081 1106 2139 est.

97 2165 254 2238 praeterea
281 2161 449 2222 Octauenus
481 2182 548 2221 cum
579 2165 615 2222 de
641 2163 806 2240 peregrinis
833 2165 1105 2226 manumissoribus

99 2250 172 2310 dixit
194 2254 259 2309 tum
282 2252 379 2328 legem
402 2252 519 2310 Iuniam
541 2252 712 2311 Norbanum
738 2253 775 2310 ad
798 2271 849 2311 eos
870 2272 931 2312 non
953 2256 1106 2330 pertinere

98 2339 239 2415 probauit
261 2334 390 2418 (Dosith.
414 2338 434 2414 ξ
455 2334 522 2419 12),
549 2344 585 2399 ut
611 2341 754 2411 nesciam,
783 2361 821 2400 an
847 2361 908 2401 non
934 2345 999 2400 tam
1025 2344 1105 2403 ciues

98 2447 188 2502 quam
218 2428 414 2502 provinciales
446 2429 595 2488 auditores
626 2428 777 2505 habuerit3
809 2431 862 2488 illa
894 2430 972 2489 enim
1003 2437 1105 2492 aetate

99 2516 302 2574 adulescentes
319 2534 355 2573 ex
368 2517 520 2590 prouincia
534 2517 674 2576 oriundos
689 2518 800 2577 Romae
814 2519 873 2577 iuri
887 2518 970 2578 ciuili
984 2539 1104 2595 operam

99 2604 214 2662 dedisse
238 2606 362 2661 constat.
408 2604 546 2663 Philostr.
569 2605 601 2663 in
623 2605 686 2665 uita
708 2605 807 2680 Apoll.
827 2607 920 2684 Tyan.
937 2610 966 2685 7,
982 2611 1034 2667 49.
1069 2610 1103 2668 cl.

98 2692 239 2750 Karlowa
257 2692 272 2748 I
293 2712 322 2766 p.
338 2693 409 2751 674.

186 2778 271 2848 Quod
297 2780 490 2854 Pomponius,
521 2782 572 2856 qui
599 2779 742 2842 Octaueni
771 2783 930 2860 diligenter
956 2786 1103 2845 rationem

97 2866 217 2944 habuit,
243 2886 302 2926 non
329 2869 416 2928 modo
444 2870 523 2945 quod
551 2864 692 2945 ‘scripsit’
719 2866 769 2951 (D.
785 2874 840 2946 30,
856 2865 904 2953 9),
932 2873 985 2931 sed
1012 2876 1102 2933 etiam

98 2974 174 3030 quae
207 2950 359 3030 ‘putabat’
392 2950 441 3037 (D.
463 2960 639 3034 19,1,55.
667 2961 722 3034 40,
742 2962 774 3030 5,
796 2957 851 3037 90)
888 2961 938 3020 uel
970 2954 1102 3022 ‘aiebat'

99 3037 149 3123 (D.
164 3045 214 3119 40,
229 3046 258 3120 4,
275 3046 324 3120 61,
336 3038 379 3126 2),
398 3046 509 3104 Valens
528 3051 637 3123 autem,
656 3049 734 3122 quod
751 3046 901 3108 Octaueno
921 3044 1102 3111 ‘videbatur'

99 3125 149 3208 (D.
165 3135 216 3208 36,
233 3135 260 3210 1,
276 3135 315 3193 69
327 3127 403 3212 pr.)l
426 3133 529 3205 refert,
556 3155 574 3192 u
592 3154 681 3211 erque
704 3136 834 3196 fortasse
856 3138 935 3197 inter
959 3137 1101 3200 Octaueni

99 3221 250 3280 auditores
273 3222 425 3280 habendus
449 3225 501 3281 est.

170 3414 183 3460 1
199 3408 274 3472 Quae
284 3405 419 3476 Ulpianus
433 3409 462 3462 et
471 3409 625 3465 Marcianus
638 3413 769 3480 repetunt
780 3411 948 3467 ‘Octauenus
963 3414 1100 3483 putabat’,

100 3477 233 3532 ‘dicebat’
254 3477 295 3544 (D.
309 3484 353 3544 40,
367 3485 391 3544 7,
401 3485 426 3547 9,
436 3486 460 3533 2.
480 3485 558 3548 20„3,
571 3488 593 3548 1,
603 3484 640 3550 2),
660 3498 674 3536 6
694 3482 847 3552 Pomponio
866 3483 998 3540 uidentur
1014 3487 1100 3556 petita

97 3563 171 3602 esse:
184 3543 222 3601 D.
238 3555 262 3618 b,
277 3553 302 3616 3,
319 3553 399 3618 ltpr.
