2422 3976
93 183 159 247 252
185 183 232 236 IV.
247 181 465 237 VESPASIANI
479 182 552 236 ΤΙΤΙ
566 181 761 237 DOMITIANI
774 181 881 238 TEMP.
895 182 993 240 mma
1008 183 1114 242 CONS.

93 351 236 411 aedilium
269 351 426 411 curulium.
478 345 553 421 ‘Qui
582 369 619 410 ea
649 354 748 410 mente
777 351 911 412 alienum
940 353 1014 430 qnid
1045 373 1114 416 eon-

93 441 247 517 mactant,
266 444 302 498 ut
319 439 509 518 lucrificaret,
526 441 648 499 tametsi
666 442 784 500 mutato
803 441 929 501 consilio
943 441 975 500 id
988 442 1113 504 domino

92 532 200 605 postea
216 527 355 604 reddidit,
373 529 424 587 fur
440 532 499 605 est3
517 547 605 588 nemo
620 530 700 588 enim
712 529 769 588 tali
783 533 908 606 peceato
921 531 1115 607 paenitentia

94 636 151 677 sua
173 636 281 677 nocens
305 635 369 676 esse
392 612 522 676 desinit?

183 701 213 765 9.
245 700 285 765 D.
303 700 459 782 ibides.
496 698 545 787 (P.
568 699 691 788 17610).
717 738 755 749 -
781 699 910 768 Caelius
934 754 964 770 ..
989 705 1114 786 scribit,

94 791 122 855 si
141 812 270 855 servum
289 791 405 854 emeris
423 790 478 874 qui
497 812 531 854 se
550 791 585 854 in
598 789 742 855 Tiberim
761 791 886 875 deiecit,
905 792 933 856 si
951 794 1114 859 moriendi

94 879 264 944 dumtaxat
286 879 421 944 consilio
445 883 594 962 suscepto
618 902 638 944 a
658 880 790 944 domino
809 879 1024 967 discessisset,
1046 904 1114 948 non

94 990 164 1032 esse
191 967 377 1052 fugitivum3
406 968 462 1032 sed
490 968 517 1031 si
544 967 641 1051 fugae
669 969 758 1052 prius
786 968 961 1034 consilium
986 970 1114 1056 habuit,

94 1057 208 1120 deinde
231 1060 356 1121 mutata
376 1058 544 1120 voluntate
565 1056 599 1120 in
617 1056 762 1121 Tiberim
782 1079 816 1121 se
836 1058 961 1140 deiecit,
980 1081 1112 1126 manere

93 1146 278 1229 fugitivum.
324 1144 436 1209 eadem
465 1146 582 1228 probat
610 1150 642 1209 et
670 1146 709 1210 de
739 1167 776 1209 eo
806 1147 861 1230 qui
890 1147 929 1212 de
952 1154 1056 1231 ponte
1078 1171 1113 1214 se

94 1234 331 1318 praecipitavit.

186 1324 235 1387 10.
259 1321 298 1386 D.
312 1322 390 1386 ibid.
404 1324 424 1403 ἕ
440 1324 468 1387 7.
485 1358 524 1369 -
544 1321 636 1385 Idem
653 1323 709 1406 ait,
724 1323 752 1386 si
764 1344 876 1388 servus
886 1329 965 1389 tuus
980 1325 1112 1410 fugiens

94 1413 251 1477 vicarium
275 1433 368 1475 suum
391 1432 500 1475 secum
524 1411 670 1476 abduxit:
695 1411 723 1476 si
746 1413 884 1477 vicarius
907 1413 1031 1479 invitus
1057 1418 1113 1480 aut

94 1500 282 1584 imprudens
301 1503 429 1564 secutus
449 1504 499 1564 est
516 1521 619 1584 neque
638 1501 837 1565 occasionem
856 1501 897 1565 ad
910 1505 943 1565 te
958 1503 1110 1568 redeundi

95 1593 210 1654 nactus
238 1589 471 1671 praetermisit,
493 1611 559 1654 non
586 1589 688 1653 videri
714 1589 889 1674 fugitivum
912 1590 1029 1674 fuiss03
1057 1592 1110 1656 sed

95 1679 123 1741 si
151 1681 207 1740 aut
234 1674 312 1741 olim
339 1698 412 1741 cum
438 1677 567 1761 fugeret
593 1678 753 1742 intellexit
777 1678 852 1762 quid
878 1685 1033 1764 ageretur
1056 1687 1110 1745 aut

94 1769 210 1851 postea
237 1766 390 1849 cognovit
417 1767 493 1850 quid
521 1767 586 1831 acti
613 1772 699 1830 esset
726 1771 760 1831 et
786 1767 889 1832 redire
916 1768 958 1832 ad
981 1773 1015 1833 te
1039 1791 1109 1834 cum

94 1858 208 1939 posset
234 1855 352 1937 noluit,
380 1859 493 1919 contra
521 1877 600 1921 esse.
647 1856 733 1920 idern
755 1860 850 1940 putat
875 1856 1051 1923 dicendum
1073 1857 1109 1922 de

96 1966 134 2008 eo
159 1965 254 2097 qllin
268 1943 657 2112 Dlibidllgli.al-n-luldtem
686 2031 814 2098 Caelius
844 2034 906 2115 ait,
934 2034 963 2098 si
992 2056 1108 2116 servus,

96 2143 168 2186 cum
191 2120 226 2184 in
248 2121 347 2185 fundo
372 2125 466 2203 esset,
490 2122 608 2185 exisset
626 2121 664 2184 de
684 2122 764 2186 villa
783 2144 822 2186 ea
841 2127 960 2205 mente,
984 2129 1021 2189 ut
1038 2145 1105 2207 pro·

95 2210 232 2294 fugeret,
256 2211 381 2294 etquis
406 2232 479 2274 eum
503 2211 691 2296 priusquam
715 2233 753 2274 ex
777 2210 875 2275 fundo
899 2216 957 2276 tuo
983 2214 1105 2295 exisset,

95 2299 399 2382 comprehendisset,
422 2299 598 2382 fugitivum
617 2299 732 2382 videri3
758 2300 902 2363 animum
923 2302 1010 2365 enim
1028 2301 1103 2386 fugi·

95 2389 199 2453 tivum
222 2387 338 2452 facere.

187 2477 237 2542 12.
269 2475 311 2542 D.
328 2476 406 2540 ibid.
425 2479 444 2556 ξ
464 2477 492 2540 9.
525 2512 562 2521 —-
592 2475 682 2539 Idem
714 2477 761 2541 ait
792 2499 853 2542 neo
885 2500 959 2542 eum
989 2479 1043 2564 qui
1068 2474 1101 2540 ad

96 2566 207 2651 fugam
240 2565 376 2651 gradum
408 2587 507 2629 unum
536 2565 714 2629 alterumve
742 2566 907 2648 promovit
934 2566 987 2631 vel
1015 2567 1100 2631 etiem

96 2677 224 2719 currere
262 2656 380 2737 coepit,
417 2652 445 2717 si
482 2654 647 2718 dominum
685 2659 870 2737 sequentem
903 2677 969 2719 non
1002 2655 1100 2741 potest

97 2743 243 2825 evadere,
267 2765 333 2807 non
357 2765 425 2807 esse
448 2742 631 2827 fugitivum.
1146 2740 1148 2747 ’

188 2832 237 2895 13.
265 2831 303 2897 D.
317 2832 427 2913 ibide
445 2832 495 2897 10.
518 2867 556 2878 -
587 2832 675 2895 Idem
699 2881 728 2898 ..
753 2832 799 2896 ait
821 2832 985 2898 libertatis
1009 2833 1097 2898 cuius·

97 2919 171 2983 dam
196 2921 334 3002 speciem
358 2942 428 2984 esse
451 2920 583 3004 fugisse,
607 2920 669 2984 hoo
693 2925 743 2985 cst
766 2924 930 3004 potestate
951 2920 1098 2987 dominica

96 3010 130 3073 in
153 3010 314 3092 praesenti
337 3009 511 3072 liberatum
535 3031 612 3072 esse.

187 3098 238 3162 14.
261 3097 300 3162 Ι).
315 3096 424 3177 ibide
443 3100 491 3163 12.
517 3135 555 3144 -
579 3097 675 3181 Apud
698 3098 884 3162 Labeonem
909 3104 943 3164 et
966 3098 1096 3165 Caelium

98 3187 271 3270 quaeritur,
295 3186 323 3248 si
347 3186 418 3269 quis
441 3187 476 3249 in
499 3188 625 3270 asylum
647 3188 830 3272 confugerit
849 3193 907 3253 aut
926 3211 964 3253 eo
985 3210 1019 3253 se
1037 3205 1096 3254 con·

97 3277 193 3358 ferat,
222 3297 285 3360 quo
312 3274 417 3338 solent
441 3274 549 3339 venire
573 3276 627 3360 qui
651 3298 685 3339 se
708 3278 838 3341 venales
860 3279 1041 3362 postulant,
1065 3291 1096 3338 an

97 3365 254 3450 fugitivus
279 3363 331 3428 sit.

189 3453 239 3518 15.
266 3451 303 3516 D.
318 3451 394 3515 ibid.
409 3453 428 3531 ξ
445 3452 495 3515 13.
522 3489 559 3501 -
586 3451 669 3517 Item
695 3450 825 3517 Caelius
849 3455 965 3519 scribit
987 3456 1097 3539 placere

98 3564 171 3606 eum
196 3563 322 3625 quoque
346 3540 519 3625 fugitivum
544 3563 626 3624 esse,
651 3541 706 3624 qui
730 3563 767 3605 eo
792 3565 826 3607 ss
850 3543 1007 3630 conferat,
1028 3538 1097 3608 unde
