2422 3976
102 205 165 269 176
180 204 227 260 ΠΙ.
239 203 314 261 GAII
324 201 473 258 CLAUDII
482 200 617 258 NERON.
629 199 774 257 GALBAF
785 199 894 256 Tune.
904 199 1003 259 Iunls
1012 200 1115 260 CONS.

101 369 227 451 legetur
256 371 289 432 et
317 388 356 431 ex
384 387 422 430 ea
448 387 526 430 rasa
553 363 619 429 sint
641 363 729 429 facta
751 364 803 428 vel
825 368 953 451 eontra,
981 363 1117 434 Cassius

104 455 189 540 apud
211 454 364 531 Urseium
387 453 502 519 scribit
524 453 656 517 interire
678 474 773 517 usum
796 451 947 520 fructum.

188 544 218 607 4.
242 542 282 608 D.
297 545 325 625 7,
341 545 370 627 1,
384 543 428 608 35
437 567 481 625 pr.
522 540 612 606 Idem
636 538 693 628 (sa
713 537 874 628 Iulianus)
898 541 983 610 libro
1007 545 1114 630 primo

101 632 142 697 ad
154 630 306 697 Urseium
316 631 468 697 Ferocem
484 628 533 717 (P.
545 628 634 716 887).
648 667 693 677 -
707 629 741 694 si
755 652 832 695 usus
846 630 970 697 fructus
984 632 1113 720 legatus

100 724 159 806 est,
183 720 238 784 sed
262 721 354 786 heres
378 721 517 804 scriptus
541 720 583 784 ob
606 719 668 785 hoe
688 718 812 783 tardius
832 719 909 804 adit,
932 724 970 786 ut
987 723 1113 790 tardius

101 810 141 874 ad
164 809 307 894 legatum
330 809 563 893 perveniretur,
585 807 647 873 hoc
672 829 799 892 quoque
821 809 1054 897 praestabitur,
1076 815 1113 878 ut

99 898 219 964 Sabino
244 898 374 981 placuit.

187 986 218 1052 5.
246 986 326 1053 Ibid.
351 989 371 1067 ξ
392 987 421 1052 1.
446 1021 483 1034 -
509 983 596 1048 Usus
623 984 747 1049 fructus
771 985 856 1049 servi
879 986 959 1051 mihi
981 988 1111 1074 legatus

98 1081 148 1141 est
170 1077 270 1160 isque,
294 1097 366 1140 cum
390 1095 450 1159 ego
474 1073 522 1137 uti
544 1072 608 1136 frui
627 1072 791 1157 desissem,
813 1074 896 1139 liber
913 1097 984 1141 esse
1003 1078 1109 1145 iussus

98 1168 156 1229 est.
205 1163 319 1228 deinde
342 1184 402 1248 ego
427 1163 468 1227 ab
487 1161 604 1225 herede
628 1161 888 1227 aestimationem
910 1164 1013 1249 legati
1036 1169 1111 1233 tuli:

96 1253 198 1318 nihilo
232 1253 337 1337 magis
370 1274 443 1316 eum
473 1251 611 1314 liberum
648 1249 717 1315 fore
750 1247 890 1316 Sabinus
926 1256 1110 1343 respondit;

96 1364 236 1426 namque
263 1339 365 1405 videri
388 1362 438 1404 me
461 1339 510 1403 uti
532 1338 597 1402 frui
619 1338 765 1422 homine,
793 1361 853 1423 pro
877 1362 941 1425 quo
966 1343 1110 1429 aliquam

96 1453 165 1495 rem
192 1430 345 1512 habeam,
372 1427 591 1495 condicionem
621 1431 728 1491 autem
759 1428 826 1493 eius
850 1429 1014 1497 libertatis
1038 1456 1110 1500 ean·

97 1521 170 1583 dem
193 1539 335 1600 manere,
361 1519 409 1581 ita
432 1521 469 1581 ut
492 1517 607 1581 mortis
630 1537 723 1581 meae·
744 1521 800 1581 aut
823 1518 939 1603 capitis
963 1520 1106 1588 deminu-

95 1608 194 1672 tionis
217 1608 401 1671 interventu
423 1607 505 1670 liber
527 1604 656 1671 futurus
680 1609 774 1671 esset.

368 1825 416 1884 Dc
433 1829 520 1898 purte
541 1825 706 1884 haesitatis
728 1826 830 1899 lupata.

186 1952 216 2017 6.
239 1950 278 2015 D.
294 1953 345 2038 30,
362 1953 478 2036 104‚.7.
515 1952 605 2016 idem
629 1950 687 2039 (sc.
710 1949 870 2041 Iulianus)
893 1953 979 2019 libro
1002 1957 1108 2041 primo

96 2041 136 2106 ad
166 2040 318 2106 Urseium
350 2041 513 2107 Ferocem.
547 2077 589 2087 —
623 2040 656 2106 si
695 2063 806 2106 socero
844 2064 864 2106 a
896 2063 1016 2127 genero
1052 2069 1107 2112 suo

95 2129 212 2194 herede
244 2130 397 2195 instituto
430 2153 506 2214 pare
538 2129 728 2194 hereditatis
763 2130 819 2194 alii
847 2131 959 2216 legata
986 2133 1107 2219 fuisset,

96 2219 231 2284 deducta
259 2218 334 2284 dote
363 2241 435 2283 eum
465 2219 649 2283 debiturum
672 2239 741 2282 esse
765 2221 893 2301 partem
915 2219 1106 2289 hereditatis

95 2309 235 2392 legatam
256 2305 394 2373 Sabinus
417 2308 593 2391 respondit,
616 2307 894 2391 quemadmodum,
918 2309 947 2372 si
970 2314 1105 2394 pecunia

94 2419 133 2462 ex
169 2397 281 2462 crediti
318 2419 416 2462 cauea
447 2417 557 2461 socero
591 2396 700 2462 debita
730 2395 860 2479 fuisset,
897 2420 935 2461 ea
969 2401 1105 2467 deducta

94 2491 220 2569 partem
242 2486 432 2551 hereditatis
456 2486 588 2549 daturus
611 2486 735 2550 fuisset.

408 2705 455 2762 Dc
478 2705 567 2778 lcqato
591 2704 789 2763 condicionali.

184 2831 212 2894 8.
236 2829 275 2894 D.
290 2832 341 2913 30,
357 2832 431 2914 104,
447 2832 475 2896 1.
510 2831 600 2896 idem
623 2827 681 2917 (sc.
703 2829 863 2916 Iulianus)
887 2831 972 2897 libro
996 2835 1101 2918 primo

95 2919 135 2983 ad
163 2918 313 2982 Urseium
342 2919 493 2985 Ferocem
516 2919 565 2999 (P.
585 2918 676 3004 888).
701 2955 738 2966 -
764 2918 802 2983 In
829 2923 1030 2987 testamento
1060 2923 1103 2988 sic

94 3010 164 3072 erat
188 3008 357 3091 scriptum:
381 3008 491 3073 ‘Lucio
511 3009 608 3092 Titio,
631 3010 659 3072 si
682 3008 709 3071 is
733 3008 843 3072 heredi
862 3031 934 3074 meo
954 3012 1102 3096 tabellas,

94 3097 210 3180 quibus
243 3097 272 3159 ei
303 3099 472 3180 pecuniam
505 3098 767 3181 expromiseram,
801 3097 938 3182 dederit,
973 3104 1101 3165 centum

94 3184 191 3249 dato'.
220 3184 323 3250 Titius
343 3186 455 3250 deinde
475 3190 649 3269 antequam
667 3187 802 3250 tabellas
817 3186 928 3251 heredi
944 3190 1100 3272 redderet,

93 3274 301 3341 decesserat.
326 3275 506 3359 quaesitum
540 3285 601 3356 est,
639 3297 680 3339 an
710 3274 820 3338 heredi
852 3276 922 3340 eius
955 3276 1097 3362 legatum

93 3363 268 3428 deberetur.
309 3361 442 3428 Cassius
465 3363 641 3447 respondit,
664 3363 692 3428 ei
715 3364 847 3428 tabulae
866 3363 1015 3450 fuissent,
1037 3388 1100 3431 non

94 3451 216 3530 deberi,
244 3451 319 3535 quia
346 3473 412 3516 non
439 3452 572 3516 redditis
600 3453 651 3516 his
680 3451 746 3517 dies
775 3452 876 3536 legati
904 3474 973 3518 non
996 3454 1098 3521 cessit

184 3562 357 3639 Sequuntur
378 3562 464 3622 haec:
488 3557 635 3623 ‘Iulianus
658 3566 756 3623 notat:
780 3557 817 3624 si'
841 3567 872 3624 et
895 3584 924 3642 q.
948 3586 971 3630 s.
