2422 3976
178 276 183 287 ι
238 210 273 267 IL
290 210 532 269 menbrorum
551 210 784 267 SENTENTIAE
802 210 850 266 ET
868 210 974 266 LIBRL
1046 211 1113 276 535

192 371 259 442 18¹³.
278 373 304 439 Ι.
318 375 349 459 3,
362 375 393 458 6,
406 375 436 441 4.
454 411 490 421 -
509 424 516 438 .
531 423 539 439 .
553 373 683 458 quidam
697 421 705 438 .
720 422 728 439 .
743 374 955 440 consobrinos
971 395 1024 438 eos
1038 395 1113 457 pro·

96 464 171 551 prie
193 467 316 548 putant
337 463 409 546 dici,
432 464 487 548 qui
511 484 549 527 ex
572 463 696 529 duabus
716 463 881 528 sororibus
900 483 1114 546 progeneran-

96 558 167 639 tur,
189 554 284 638 quasi
306 552 542 633 consororinos,
565 574 620 617 eos
643 573 733 634 vero,
761 553 815 636 qui
839 573 878 615 ex
901 552 1025 616 duobus
1048 551 1112 615 fra-

95 642 206 708 tribus
227 644 494 727 progenerantur,
523 640 652 724 proprie
675 640 793 704 fratres
816 641 979 722 patrueles
1004 641 1113 705 vocari

97 780 106 796 .
119 783 128 797 .
142 780 151 795 .
166 734 203 796 at
219 751 276 795 eos
295 731 351 815 qui
370 751 408 794 ex
426 729 527 794 lratre
542 732 573 792 et
589 751 698 794 sorore
712 733 944 813 propagantur,
959 729 1112 794 amitinos

95 820 229 905 proprie
253 818 325 885 dici.

424 906 474 972 De
495 907 657 971 meditate
679 907 787 972 leberti.

192 1022 244 1088 19.
267 1019 337 1088 Gai.
352 1024 382 1108 3,
396 1023 439 1088 46
448 1044 494 1107 sq.
521 1059 559 1068 -
585 1021 691 1104 <Filia
705 1071 730 1086 ..
744 1022 874 1105 patroni
947 1026 1113 1088 utcontra

96 1111 256 1193 tabulas>
277 1112 464 1175 testamenti
488 1111 596 1175 liberti
620 1111 720 1194 (aut)
747 1111 789 1175 ab
816 1111 1113 1177 intestato.eontra

96 1200 204 1265 filium
227 1199 416 1284 adoptivum
438 1200 489 1266 vel
512 1222 646 1264 uxorem
669 1222 826 1265 nurumve
849 1223 931 1284 quae
955 1201 987 1263 in
1013 1221 1111 1264 manu

97 1286 212 1371 fuerit,
238 1288 398 1354 bonorum
420 1289 659 1372 possessionem
682 1294 788 1372 petat,
812 1288 910 1353 trium
934 1289 1111 1352 liberorum

96 1378 169 1443 iure
187 1376 261 1462 lege
274 1376 378 1462 Papia
396 1378 613 1460 consequitur.
640 1378 739 1442 ..sed
758 1384 795 1441 ut
813 1399 852 1441 ex
866 1377 961 1441 bonis
976 1377 1112 1441 libertae

97 1468 242 1532 testatam
256 1470 411 1549 quattuor
419 1465 538 1530 liberos
548 1465 699 1530 habentis
710 1466 812 1530 virilis
822 1487 898 1550 pars
909 1465 938 1530 ei
949 1465 1113 1544 debeatur,

97 1576 139 1620 ne
153 1554 328 1620 liberorum
344 1555 473 1639 quidem
487 1559 557 1618 iure
568 1555 784 1638 consequitur,
797 1560 834 1618 ut
843 1555 974 1639 quidam
984 1557 1111 1637 putant

188 1643 243 1709 20.
277 1641 346 1708 Gai.
370 1644 400 1723 3,
424 1644 476 1710 64.
508 1680 550 1688 —
584 1640 690 1730 (Lupo
723 1648 756 1706 et
787 1641 895 1727 Largo
926 1643 1113 1707 consulibus

98 1735 234 1797 senatus
259 1731 397 1816 censuit,
424 1737 462 1797 ut
488 1732 576 1796 bona
598 1731 788 1797 Latinorum
811 1734 951 1814 primum
976 1731 1018 1796 ad
1040 1753 1113 1796 eum

96 1820 303 1905 pertinerent
321 1821 378 1905 qui
397 1843 452 1886 eos
471 1820 649 1898 liberasset,
669 1820 782 1884 deinde
801 1821 841 1884 ad
861 1821 981 1884 liberos
1001 1841 1112 1885 eorum

97 1931 167 1974 non
180 1908 374 1973 nominatim
392 1909 612 1993 exheredatos,
626 1911 674 1973 uti
688 1909 824 1992 quisque
838 1909 1003 1993 proximus
1019 1914 1113 1993 esset,

97 2001 178 2063 tunc
207 1998 339 2082 antiquo
367 1998 436 2062 iure
464 1998 504 2061 ad
532 1997 666 2062 heredes
694 2019 805 2060 eorum
832 1998 886 2082 qui
909 1997 1113 2083 liberassent,

98 2084 324 2173 pertinerent.)
361 2108 424 2169 quo
444 2091 573 2150 senatus
593 2087 740 2150 consulto
760 2085 889 2170 quidam
909 2084 984 2168 <id>
1004 2090 1113 2149 actum

97 2196 173 2240 esse
214 2177 345 2258 putant,
382 2179 419 2239 ut
459 2176 494 2239 in
534 2177 627 2238 bonis
664 2175 852 2239 Latinorum
896 2174 1007 2238 eodem
1043 2175 1112 2239 iure

98 2267 243 2345 utamur,
265 2285 329 2348 quo
354 2264 474 2328 utimur
496 2264 531 2327 in
553 2263 731 2328 hereditate
754 2264 872 2328 civium
891 2262 1113 2328 Romanorum

97 2352 335 2417 libertinorum.

191 2455 228 2514 ef.
251 2454 290 2528 n,
310 2458 328 2514 a
352 2474 381 2530 p.
402 2457 473 2515 soa.

190 2556 244 2620 21.
271 2555 340 2619 Gai.
359 2558 393 2639 3,
414 2557 465 2620 71.
487 2591 531 2604 -
555 2607 561 2620 .
581 2605 589 2619 .
608 2554 694 2639 (an)
721 2556 761 2620 ad
789 2559 953 2619 maternos
977 2555 1111 2619 Latinos

100 2644 163 2710 hoc
187 2645 501 2709 senatusconsultum
525 2645 686 2729 pertineat
708 2644 881 2728 quaeritur,
904 2645 936 2708 id
956 2649 1005 2707 est
1023 2647 1060 2707 ut
1078 2646 1112 2708 in

99 2732 198 2799 bonis
221 2730 330 2797 Latini
356 2734 493 2797 materni
521 2735 629 2816 potior
657 2733 701 2797 sit
724 2738 879 2816 patronae
903 2733 989 2796 filius
1014 2754 1111 2816 quam

98 2822 196 2887 heres
220 2825 392 2886 extraneus
412 2823 536 2886 matris.
581 2820 695 2887 Cassio
718 2822 850 2905 placuit,
873 2825 1011 2906 utroque
1035 2843 1110 2885 casu

98 2910 208 2977 locum
233 2931 302 2975 esse
322 2911 603 2993 senatusconsulti
636 2910 691 2974 sed
710 2910 805 2974 huius
821 2913 1001 2974 sententiae
1015 2910 1111 2994 pleri·

98 3020 162 3085 que
187 2998 389 3081 improbant,
412 2999 487 3082 quia
510 3004 640 3063 senatus
665 2999 703 3063 de
726 2999 777 3062 his
800 2999 910 3062 liberis
934 2998 1017 3063 nihil
1041 3019 1111 3061 sen-

96 3088 177 3172 tiat,
201 3088 257 3171 qui
281 3087 464 3173 ali<en>am
487 3087 645 3151 familiam
669 3092 886 3171 sequerentur.

513 3246 563 3312 De
586 3248 700 3329 tepetis.

307 3368 421 3442 Leqara
443 3369 681 3441 quemadmodum
703 3370 867 3441 relinquant
904 3411 912 3426 .

191 3479 243 3544 22.
267 3478 306 3542 D.
320 3477 373 3563 29,
388 3479 417 3560 7,
429 3464 522 3560 ldpr.
547 3475 700 3542 Scaevola
714 3478 797 3542 libro
812 3483 928 3542 octavo
944 3475 1111 3552 Quaestio-

99 3589 190 3633 num.
203 3602 247 3613 -
263 3564 399 3642 Quidam
419 3564 570 3650 referunt,
589 3571 745 3649 quantum
766 3569 877 3650 repeto
897 3565 987 3648 apud
1000 3563 1119 3628 Viria-
