2422 3976
93 180 156 245 188
172 180 220 235 III.
231 179 306 237 GAII
318 177 466 235 CLAUDII
475 177 611 234 NERON.
622 175 768 234 GALBAE
778 176 885 235 ΤΕΜΡ.
895 175 994 233 leals
1005 175 1110 234 CONS.

93 343 316 426 redderentur,
360 344 393 406 et
428 342 463 405 hi
498 342 633 406 uniones
665 340 762 425 culpa
793 344 851 405 tua
882 339 1041 425 perierint
1077 344 1111 406 et

93 432 262 516 pecuniam
289 434 391 515 petas.
437 434 543 494 exstat
565 428 691 494 Nervae
720 432 753 493 et
775 428 925 495 Atilicini
948 429 1111 495 sententie

94 520 267 585 dicentium
290 521 337 585 ite
358 540 428 584 esse
451 516 672 602 excipiendum
696 517 737 582 ‘si
760 519 846 583 inter
869 539 921 583 me
941 521 975 583 et
992 523 1026 584 te
1044 539 1108 584 non

94 609 259 693 convenit,
285 612 323 672 ut
350 607 458 672 soluta
485 608 622 690 pecunia
648 607 786 672 uniones
809 607 889 672 milri
911 604 1107 674 reddantur?

362 807 401 868 H.
433 799 718 888 Digestorum(‘?)
742 806 840 867 libri.

182 932 337 992 Eiusmodi
355 932 425 991 libri
444 950 624 1008 quamquam
641 950 701 991 non
719 929 830 990 diserte
849 931 1023 1009 laudentur,
1037 932 1108 1010 quin

93 1023 131 1081 ab
159 1021 303 1082 Atilicino
331 1020 405 1079 editi
431 1020 505 1094 sint,
537 1021 587 1078 vix
613 1023 713 1096 potest
740 1020 878 1080 dubitari.
927 1021 1003 1081 haec
1030 1021 1108 1080 enim

92 1112 248 1188 leguntur:
271 1104 443 1168 ‘Atilicinus
465 1108 645 1186 quibusdam
662 1107 814 1184 placuisse
837 1102 891 1167 ait'
915 1109 949 1168 D.
968 1112 998 1185 5,
1013 1111 1043 1186 3,
1057 1111 1106 1170 43.

94 1193 268 1259 ‘Atilicinus
301 1199 344 1257 ait
371 1197 528 1257 Gaesarem
557 1245 589 1257 ..
617 1197 804 1273 rescripsisse
835 1197 867 1255 in
896 1198 971 1258 haec
1004 1191 1108 1273 verba?

91 1288 129 1348 D.
146 1290 179 1365 8,
196 1291 229 1365 3,
245 1289 295 1347 35.
338 1286 373 1346 de
402 1286 500 1364 operis
523 1287 623 1346 indole
645 1286 701 1345 hoc
724 1287 844 1346 tantum
866 1287 1031 1346 verisimile
1055 1291 1107 1362 est

93 1377 182 1436 illum
208 1394 352 1452 responsa
379 1379 410 1434 et
433 1394 488 1435 sua
511 1380 541 1435 et
565 1375 692 1434 aliorum
715 1375 790 1434 iuris
814 1374 1021 1435 consultorum
1042 1395 1107 1452 pro

92 1466 238 1542 posuisse.
288 1465 407 1524 Nervae
435 1463 538 1524 Sabini
562 1462 656 1523 Cassii
683 1463 817 1540 Proculi,
833 1464 897 1541 'qui
924 1482 1014 1542 saepe
1042 1483 1108 1525 cum

92 1554 236 1614 Atilicino
260 1552 411 1612 coniuncti
428 1552 600 1626 laudantur,
624 1553 789 1612 sententias
811 1558 848 1612 ex
864 1551 1002 1612 Atilicini
1021 1570 1107 1630 opere

93 1644 267 1718 desumptas
286 1659 351 1700 esse
369 1641 507 1716 Krueger
520 1662 548 1717 p.
565 1642 627 1701 156
647 1640 761 1700 iudicat
777 1660 874 1717 neque
887 1641 971 1701 Ioers
986 1637 1108 1722 (Pauly-

93 1730 241 1791 Wissowa
254 1729 285 1788 ΙΙ
298 1751 326 1806 p.
339 1721 489 1811 2075sq.)
504 1731 663 1806 improbat.
695 1730 799 1806 itaque
818 1729 956 1788 Atilicini
969 1730 1108 1808 Digesto·

93 1839 160 1878 rum
176 1819 247 1877 libri
260 1822 366 1894 postea
380 1817 467 1878 Ursei
481 1823 511 1878 et
524 1818 638 1877 Plautii
652 1818 792 1893 operibus
807 1818 955 1878 similibus
969 1819 1109 1880 videntur

94 1903 260 1967 oblitterati
293 1925 356 1967 esse
384 1899 435 1988 (cf.
458 1907 575 1966 Ferrini
598 1907 616 1967 l.
640 1925 664 1966 c.
682 1927 711 1983 p.
729 1899 800 1989 88),
828 1926 905 1985 quae
934 1909 1109 1968 coniectura

94 2015 128 2056 eo
152 1996 323 2070 adiuvatur,
347 1996 426 2071 quod
448 1995 585 2055 Atilicini
608 1997 774 2055 sententiae
796 2000 861 2056 tam
883 1995 968 2055 libris
994 1998 1034 2058 ad
1058 1997 1108 2057 Sa·

93 2085 196 2144 binum
225 2087 256 2144 et
283 2087 321 2143 ad
347 2085 445 2162 legem
472 2085 582 2143 lulium
608 2083 793 2161 Papiamque
820 2085 993 2161 Poppaeam
1022 2105 1110 2164 quem

94 2175 132 2233 ad
155 2174 284 2233 edictum
306 2174 487 2234 referuntur.

182 2263 218 2321 In
254 2262 389 2322 Atilicini
430 2262 607 2339 fragmentis
648 2281 863 2339 nonnunquam
903 2262 1042 2337 partium
1081 2266 1111 2322 et

95 2352 270 2428 fundorum,
297 2351 465 2426 dequibus
490 2370 586 2412 sermo
610 2354 669 2426 est,
697 2369 769 2410 vera
791 2351 911 2409 nomina
935 2351 1110 2412 afferuntur.

93 2441 256 2500 laudantur
279 2441 357 2499 enim
377 2435 508 2498 ‘Gnaeus
527 2433 690 2500 Domitius'
710 2432 761 2519 (D.
777 2441 829 2515 33,
845 2442 873 2517 8,
889 2442 918 2513 6,
933 2433 979 2521 4),
999 2440 1109 2500 fundus

94 2529 248 2605 Sutrinus,
277 2548 312 2587 er
335 2529 419 2588 ouius
443 2529 525 2587 fonte
549 2528 637 2588 vieini
660 2547 768 2604 equam
792 2528 899 2587 ducere
924 2528 1009 2588 soliti
1033 2533 1109 2605 sunt,

94 2624 124 2676 et
154 2618 289 2678 Caesaris
318 2617 499 2693 rescriptum
531 2617 569 2676 ad
599 2616 753 2676 Statilium
785 2617 920 2676 Taurum
950 2617 986 2676 de
1019 2618 1109 2678 fontis

93 2706 174 2765 illius
197 2724 262 2765 usu.

182 2795 364 2870 Fragmenta
395 2792 558 2852 secundum
587 2813 635 2852 res
667 2795 813 2853 tractatas
845 2792 992 2868 disposita
1026 2794 1108 2854 Sabi·

94 2882 218 2940 nianum
240 2883 397 2958 praecipue
420 2881 551 2942 ordinem
576 2885 695 2942 secutus
717 2901 858 2958 propono.

279 3053 329 3119 De
352 3074 434 3120 servo
450 3055 581 3139 proprio
603 3053 707 3119 hored
728 3055 923 3119 instituendo.

184 3179 212 3243 1.
236 3178 260 3242 I.
271 3179 301 3260 2,
313 3180 406 3262 14pr.
425 3214 469 3224 -
487 3177 630 3242 Heredes
653 3177 823 3242 instituere
844 3179 1039 3260 permissum
1059 3181 1105 3244 est

93 3271 162 3331 tam
186 3268 305 3331 liberos
328 3267 475 3331 homines
500 3289 595 3349 quam
619 3288 729 3331 servos
752 3271 820 3330 tam
839 3268 990 3351 proprios
1010 3287 1103 3352 quam

94 3355 226 3424 alienos.
258 3356 407 3439 proprios
422 3358 527 3419 autem
543 3355 621 3420 olim
635 3356 764 3440 quidem
779 3355 954 3421 seeundum
964 3356 1103 3440 plurium

95 3443 273 3509 sententias
305 3466 371 3508 non
404 3444 497 3508 aliter
530 3466 625 3529 quam
658 3466 731 3509 cum
763 3444 914 3508 libertate
947 3449 1033 3510 recte
1060 3442 1105 3508 in·

94 3535 228 3598 stituere
258 3533 384 3598 licebat.
435 3532 531 3597 hodie
558 3555 634 3598 vero
663 3533 761 3597 etiam
790 3533 859 3597 sine
887 3533 1041 3598 libertate
1070 3551 1105 3596 ex
