2422 3976
121 220 184 287 xli·
217 212 248 265 v,
265 192 406 259 suevia
424 189 471 244 an
489 185 641 242 nomam
658 183 767 240 onus.
784 183 882 241 lorus
901 183 1081 242 conanum

501 366 552 432 De
573 367 710 432 initulis.

199 494 249 559 51,
268 481 362 561 oni,
375 476 423 559 10,
436 476 464 554 7,
474 474 503 539 5.
541 473 700 558 Ulpianus
720 472 803 538 libro
823 474 1112 561 quinquagensimo

113 588 244 671 mimo
270 570 309 637 ad
336 565 473 631 edietum
498 561 548 647 (P.
565 562 674 647 1339).
699 561 801 627 —Si
829 563 909 627 mibi
931 565 1044 648 plures
1066 566 1112 629 in-

112 678 206 741 iurias
232 654 353 734 aceris,
381 657 459 736 puta
486 654 583 717 turba
611 656 643 716 et
670 655 763 716 coetu
790 652 876 716 facto
901 652 1035 718 domum
1059 654 1112 718 ali·

110 764 197 831 rrius
218 754 354 816 introeas
378 749 410 804 et
433 742 494 805 hoc
517 742 603 806 facto
627 740 797 824 efficiatur,
815 745 854 806 ot
874 741 972 806 simul
992 748 1025 807 et
1043 764 1112 808 eon·

109 848 221 915 tioium
243 833 349 918 patiar
367 836 400 894 et
419 829 584 911 verberer,
608 850 648 893 an
668 828 790 913 possim
811 831 988 913 separatim
1007 837 1113 896 tecum

107 926 239 1019 experiri
266 921 304 984 de
333 919 469 1001 singulis
494 917 635 999 iniuriis,
662 918 836 1002 quaeritur.
882 923 915 983 at
937 917 1112 985 Marcellus

107 1012 275 1089 mnndum
303 1004 429 1072 Neratii
463 1008 656 1071 sententiam
688 1006 751 1070 hoo
782 1006 901 1090 probat
932 1009 1114 1093 cogendum

105 1102 246 1178 iniurias,
269 1118 349 1181 quas
373 1096 468 1160 simul
492 1117 608 1179 passus
631 1099 694 1179 ast,
717 1097 922 1180 coniungere.

187 1204 239 1271 52.
257 1202 297 1267 D.
307 1204 360 1282 47,
371 1202 422 1284 10,
434 1203 462 1282 1,
472 1203 501 1267 8.
539 1201 698 1284 Ulpianus
716 1202 802 1266 libro
821 1203 1113 1286 quinquagensimo

102 1302 190 1369 sarto
214 1291 255 1357 ad
279 1292 418 1356 edietum
442 1286 491 1376 (P.
509 1287 618 1377 1335).
639 1324 681 1336 -
700 1287 774 1355 Sive
798 1295 907 1356 autem
931 1293 1017 1356 sciat
1041 1290 1113 1376 quis

102 1386 201 1455 lilium
225 1402 331 1444 meum
355 1400 425 1444 esse
448 1380 498 1443 vel
521 1401 653 1443 uxorem
675 1400 789 1463 meam,
813 1379 881 1443 sive
899 1379 1110 1466 ignoraverit,

100 1474 217 1543 babere
240 1490 291 1532 me
314 1490 386 1533 meo
408 1469 539 1532 nomine
563 1467 723 1532 astionem
748 1466 902 1532 Neratius
926 1470 1066 1553 scripsit.

186 1575 239 1640 53.
270 1573 310 1640 D.
329 1575 405 1639 ibid.
423 1577 443 1654 ξ
462 1574 492 1638 9.
523 1611 560 1620 -
590 1573 680 1638 Idem
712 1574 758 1638 ait
789 1571 941 1640 Neratius
975 1597 1014 1639 ex
1045 1595 1110 1639 una

99 1665 214 1734 iniuria
232 1663 394 1727 interdum
412 1664 515 1727 tribus
535 1664 613 1728 oriri
626 1663 815 1728 iniuriarum
831 1662 992 1729 notionem
1006 1683 1108 1748 neque

97 1753 193 1821 ullius
226 1753 383 1817 actionem
415 1773 472 1835 per
505 1751 605 1816 alium
638 1752 798 1836 consumi,
832 1756 870 1816 ut
902 1757 984 1836 puta
1017 1750 1104 1817 uxori

98 1863 186 1908 meae
210 1839 296 1904 filiae
319 1841 461 1904 familias
484 1841 603 1905 iniuria
625 1840 712 1905 faeta
731 1845 792 1904 est:
816 1845 849 1905 et
868 1841 950 1905 mihi
970 1846 1002 1907 et
1019 1839 1098 1925 patri

97 1931 165 1996 eius
189 1934 221 1993 et
244 1929 308 2012 ipsi
333 1930 519 1993 iniuriarum
543 1929 627 1994 actio
649 1929 784 2017 incipiat
807 1934 999 2014 competere.

185 2024 221 2082 ol.
233 2021 296 2082 Gai.
308 2025 409 2098 3‚221
435 2017 549 2098 ‘itaque
571 2022 597 2082 si
614 2022 694 2081 filiae
714 2041 798 2082 meae
817 2042 894 2099 quaa
914 2024 996 2084 Titio
1014 2025 1096 2100 nupta

97 2115 155 2186 est,
183 2111 323 2171 iniuriam
346 2111 465 2189 feceris,
487 2130 548 2170 non
570 2112 666 2171 solum
690 2111 768 2170 tibae
791 2112 911 2170 nomine
934 2116 1034 2173 tecum
1055 2109 1095 2186 agi

95 2201 274 2260 iniuriarum
288 2204 396 2276 potest,
409 2220 514 2259 verum
528 2201 620 2258 etiam
634 2219 700 2259 meo
715 2219 831 2277 quoque
847 2204 878 2259 et
892 2201 967 2259 Titii
982 2202 1093 2262 nomina.

470 2371 521 2437 De
543 2373 734 2437 condictione.

184 2479 236 2544 54.
260 2479 298 2545 D.
312 2479 361 2563 12,
373 2479 402 2561 6,
413 2479 463 2544 63.
506 2477 606 2542 Gaius
629 2479 712 2543 libro
738 2479 896 2563 singulari
920 2479 959 2544 de
981 2477 1091 2545 casibus

96 2563 144 2653 (Ρ.
163 2566 205 2654 1).
224 2605 267 2615 -
286 2568 438 2634 Neratius
462 2589 571 2631 casum
594 2566 702 2651 refert,
723 2571 760 2631 ut
783 2568 854 2651 quis
878 2567 912 2631 id
936 2569 1021 2654 quod
1043 2565 1092 2631 sol·

96 2658 178 2719 verit
201 2663 345 2739 repetere
369 2678 434 2720 non
457 2657 573 2739 possit,
601 2658 693 2737 quasi
717 2657 859 2720 debitum
885 2656 1023 2739 dederit,
1046 2673 1092 2719 neo

95 2750 205 2807 tamen
228 2746 395 2810 liberetur:
418 2746 507 2810 velut
530 2744 558 2807 si
579 2745 616 2826 ie,
640 2746 694 2827 qui
713 2742 783 2809 oui¹
802 2749 926 2810 certum
944 2746 1091 2811 hominem

96 2834 239 2914 deberet,
276 2834 500 2898 statuliberum
537 2833 672 2912 dederit3
710 2855 784 2897 nam
822 2833 895 2897 ideo
935 2857 1007 2899 eum
1041 2851 1091 2898 non

95 2921 240 3003 liberari,
273 2923 358 3005 quod
390 2944 455 2986 non
486 2921 519 2985 in
552 2923 682 3004 plenum
713 2923 914 3006 stipulatoris
942 2923 1091 2989 hominen

94 3010 219 3163 {eqeritg
243 3032 300 3076 neo
323 3016 432 3076 tamen
456 3015 597 3093 repetere
622 3032 695 3074 eum
717 3032 826 3094 posse,
850 3012 938 3094 quod
961 3013 1090 3078 debitum

116 3120 132 3161 e
156 3121 224 3163 err.

182 3206 233 3271 55.
258 3206 296 3269 D.
311 3207 361 3285 24,
378 3208 407 3290 1,
424 3207 473 3290 13,
487 3207 515 3269 2.
553 3204 712 3287 Ulpianus
735 3205 818 3269 libro
842 3206 1036 3292 trigensimo
1052 3224 1088 3268 se·

94 3295 197 3359 eundo
222 3295 262 3358 ad
286 3292 441 3359 Sabinum
465 3294 514 3380 (P.
529 3293 640 3376 2769).
665 3331 705 3340 —
731 3292 811 3359 Cum
838 3297 912 3379 quis
936 3291 1088 3381 acceperit,

93 3388 129 3446 ut
161 3385 195 3449 in
228 3407 285 3448 suo
319 3383 476 3462 aedificet,
508 3382 631 3448 condiei
663 3384 692 3447 ei
720 3383 751 3446 id
780 3405 847 3448 non
875 3389 998 3471 potest,
1028 3380 1088 3467 quia

165 3563 179 3609 1
199 3558 246 3613 Εἰ.
267 3577 337 3613 oum.
