2422 3976
466 186 488 237 7.
508 181 696 237 Pssoconus

487 403 597 464 Liber
619 404 675 464 ΙΙΙ.

163 492 244 552 Nihil
267 493 416 570 superest.

487 651 595 713 Liber
617 652 671 716 IV.

302 788 352 854 De
367 790 549 871 provinciae
566 791 722 873 praesidis
745 789 855 871 officio.

165 913 210 978 11.
243 910 462 996 D.1,18,12.
512 912 668 978 Proculus
696 913 781 977 libro
810 914 926 997 quarto
954 912 1085 998 Epistu-

53 1002 56 1065 t
103 994 191 1067 larum.
216 1037 254 1048 -
282 999 344 1066 Sei
365 1001 433 1066 iicet
454 1002 495 1085 is,
522 1003 577 1083 qni
593 1002 773 1084 provinciae
791 1005 924 1085 praeest,
947 1003 1085 1067 omniurn

53 1086 55 1177 j
102 1081 193 1153 Rornae
223 1090 463 1172 magistratuum
489 1090 552 1156 nice
577 1095 606 1154 et
630 1090 731 1173 officio
756 1091 850 1173 fnnpi
875 1091 991 1174 debent,
1022 1111 1086 1156 non

53 1192 55 1221 ²
100 1174 149 1255 ton⁴
165 1176 205 1242 ci¹
234 1179 432 1261 speetcndnrn
459 1184 503 1244 est
529 1180 606 1260 qnid
626 1179 744 1244 Rornae
765 1179 885 1260 facturn
908 1183 963 1261 est,
990 1199 1085 1261 qnam

53 1228 57 1377 l
99 1264 152 1359 sirit
168 1267 236 1350 fieri
257 1266 368 1332 debeat.

496 1432 604 1491 Liber
627 1431 663 1491 V.

483 1568 534 1634 De
556 1569 671 1652 tepetis.

164 1694 210 1757 12.
232 1693 272 1758 D.
283 1693 334 1776 32,
345 1693 396 1758 86.
437 1692 592 1758 Proculus
611 1694 695 1757 libro
715 1693 829 1778 quinto
848 1691 1081 1777 Epistularum.

97 1807 127 1821 -
141 1777 170 1844 Si
189 1782 237 1846 ita
259 1782 404 1865 legatum
426 1785 476 1845 est
494 1780 638 1847 ‘domum
657 1803 801 1866 quasque
820 1804 892 1846 meo
911 1782 957 1846 ibi
976 1786 1082 1866 erunt,

98 1881 149 1932 tun
169 1869 308 1949 moriar',
331 1892 479 1935 nummos
504 1869 543 1934 ad
567 1870 651 1934 diem
675 1876 804 1935 exactos
828 1893 847 1935 o
869 1871 1081 1953 debitoribus,

53 1970 55 2005 r
97 1954 123 2015 nt
139 1958 203 2023 aliis
225 1959 410 2024 nominibus
434 1958 679 2043 collocarentur,
706 1979 769 2023 non
787 1965 863 2041 pnto
887 1960 997 2042 tepotos
1020 1979 1084 2024 esse

96 2043 275 2112 riboteonis
301 2048 524 2113 distinctionem
551 2049 639 2112 ualde
658 2047 768 2132 proto,
800 2050 854 2130 qni
881 2049 1005 2131 scripsit
1030 2068 1084 2112 nec

96 2136 156 2206 troi
173 2157 245 2201 oosn
267 2135 387 2219 obesset,
410 2137 516 2201 niinns
538 2155 599 2201 esse
623 2137 754 2219 leputnrn
776 2157 830 2202 nee
849 2138 931 2219 qnod
947 2157 1023 2202 casn
1040 2137 1085 2201 ibi

97 2217 136 2302 tlt,
153 2227 248 2309 inopis
270 2244 331 2290 esse
353 2225 493 2306 leputnnn

164 2313 212 2379 13.
230 2311 421 2397 D.34,2‚11.
452 2313 608 2378 Proculus
622 2313 706 2378 libro
721 2313 833 2397 quinto
849 2311 1082 2396 Epistularum.

97 2397 174 2487 rsi
200 2402 272 2486 quis
297 2401 455 2485 legaverit
478 2423 591 2466 aurum
615 2421 757 2485 gemmas
780 2403 975 2487 margaritus
1000 2423 1081 2485 quae

97 2495 122 2541 111
139 2507 170 2552 co
191 2511 270 2554 suro
295 2494 415 2572 essent,
438 2491 531 2555 eiiorn
553 2491 588 2554 iol
609 2512 735 2572 onrnrn,
758 2491 810 2555 oni
830 2511 925 2572 neqnc
944 2510 1083 2571 perninue

98 2583 168 2654 ticin
186 2580 376 2660 morparitae
397 2580 543 2661 inessent,
567 2578 680 2662 leposse
700 2581 827 2643 videtur.

165 2668 213 2734 14.
236 2666 275 2732 D.
286 2667 400 2749 31‚46.
440 2666 595 2731 Proculus
614 2667 698 2731 libro
719 2668 833 2751 quinto
851 2665 1083 2750 Epistularum.

100 2773 127 2790 ⁸
147 2751 176 2817 si
198 2755 383 2839 scripsisset
406 2760 461 2840 qui
483 2756 628 2840 legabat:
654 2754 822 2840 ‘quidquid
845 2755 925 2819 mihi
950 2755 1083 2820 Lucium

99 2824 192 2906 linum
211 2845 287 2909 dare
301 2843 406 2909 facere
421 2848 559 2928 oportet,
578 2843 767 2927 Sempronio
782 2843 869 2930 lego'
888 2865 947 2907 neo
967 2845 1084 2909 adiecit

98 2912 278 3020 'pussensin
288 2930 434 3017 diemre’,
447 2954 510 2997 non
519 2933 699 3012 dubitarem,
708 2938 858 3015 pnontnni
872 2935 915 2997 an
927 2932 1084 2998 uerborum

98 3019 327 3101 slinitiationem
357 3022 510 3103 attineret,
542 3023 618 3104 quin
649 3043 685 3086 eo
710 3023 845 3104 pecnnia
872 3022 1084 3104 comprehenso

98 3111 144 3166 ”tt
158 3116 233 3194 esset,
252 3111 341 3176 cuins
358 3111 422 3174 dies
439 3111 585 3175 moriente
603 3131 644 3194 eo,
662 3113 717 3192 qni
734 3114 943 3176 testamentum
957 3111 1084 3191 fecisset,

99 3196 208 3263 nuum
235 3199 371 3264 venisset.
416 3200 573 3264 adiciendo
599 3205 699 3265 antem
721 3199 794 3264 boec
816 3200 906 3265 cerba
929 3198 1084 3281 ‘praesens

99 3269 124 3336 lt
146 3285 261 3353 tiemoe'
294 3291 397 3370 aperte
427 3287 506 3351 milri
537 3289 656 3353 cicietur
685 3289 847 3353 ostendisse
874 3309 942 3352 euni
969 3306 1084 3368 qnoque

98 3376 233 3441 Minium
256 3377 356 3459 tepore
378 3377 516 3441 coluisse.

154 3557 165 3600 1
182 3550 226 3607 Fi.
244 3552 347 3606 tamen.
