2422 3976
505 156 530 210 8.
549 151 723 208 VIVIANUS
1052 153 1117 217 247

495 316 545 381 De
560 316 727 400 precario?

189 439 227 499 cf.
246 438 359 498 Iuliani
381 438 493 497 librum
515 437 611 496 XLIX
633 437 667 497 P.
682 440 756 498 671.
772 439 845 497 672.

193 523 244 588 19.
268 521 307 587 Ι).
321 523 374 602 43,
388 523 438 601 19,
450 525 478 604 1,
489 522 517 587 6.
562 520 723 605 Ulpianus
746 521 830 586 libro
855 524 1118 607 septuagensimo

98 613 140 677 ad
168 612 312 678 edictum
339 608 389 698 (P.
411 610 518 695 1556).
545 647 583 658 -
609 609 766 675 Vivianus
877 611 922 674 ait
950 631 1036 693 eum,
1063 613 1118 696 qui

97 704 235 786 propter
261 698 561 767 incommoditatem
589 699 651 763 rivi
674 703 729 763 aut
751 702 938 784 propterea,
966 700 1042 783 quic
1065 699 1119 765 via

97 790 231 876 publica
254 790 437 874 interrupta
460 792 539 873 erat,
561 809 619 871 per
641 788 782 871 proximi
804 788 903 852 vicini
923 807 1036 872 agrum
1055 789 1118 852 iter

96 879 224 964 fecerit,
246 878 394 963 quamvis
414 876 447 940 id
465 878 653 961 frequenter
671 876 757 959 fecit,
780 898 845 942 non
865 874 966 941 videri
985 877 1117 942 omnino

96 990 202 1033 usum.
226 967 337 1051 itaque
350 965 465 1030 inutile
479 987 550 1030 esse
564 966 782 1051 interdictum,
793 986 860 1029 non
871 966 963 1048 quasi
972 967 1118 1048 precario

96 1079 207 1141 usum,
231 1055 288 1120 sed
311 1055 404 1138 quasi
426 1076 485 1119 nec
508 1076 613 1119 usum.

258 1239 287 1297 2.
319 1236 373 1296 Ad
396 1237 555 1297 edictum
578 1237 753 1297 aedilium
776 1236 963 1296 curulium.

390 1356 441 1422 De
463 1358 632 1440 mancipiis
654 1357 832 1422 vendundis.

190 1474 219 1537 1.
243 1471 282 1537 D.
292 1473 345 1551 21,
358 1477 385 1554 1,
397 1473 466 1556 1,9.
507 1470 668 1557 Ulpianus
688 1473 772 1537 libro
790 1473 896 1556 primo
917 1471 957 1536 ad
977 1471 1118 1537 edictum

96 1561 255 1627 aedilium
272 1561 431 1627 curulium
450 1559 499 1648 (P.
512 1559 636 1647 lito).
654 1560 810 1645 —Apud
828 1560 1002 1625 Vicianum
1022 1583 1118 1646 quae-

95 1651 194 1734 ritur,
232 1651 260 1714 si
297 1673 407 1715 servus
444 1650 530 1714 inter
567 1650 726 1716 fanaticos
763 1672 830 1715 non
863 1672 989 1734 semper
1022 1655 1119 1734 caput

95 1739 238 1805 11111111
257 1742 290 1802 et
309 1739 417 1825 aliqua
434 1739 582 1823 profatus
602 1746 696 1824 esset,
715 1761 756 1803 an
774 1739 877 1804 nihilo
897 1744 1004 1804 minus
1019 1762 1118 1805 sanus

96 1829 273 1897 videretur.
319 1831 352 1892 et
379 1828 427 1894 ait
450 1827 607 1893 Vivianus
634 1828 739 1894 nihilo
765 1830 870 1894 minus
893 1829 980 1894 hunc
1003 1851 1118 1894 sanum

96 1939 183 2000 esse3
221 1938 325 2001 neque
358 1917 446 1982 enim
478 1938 552 2002 nos,
586 1918 706 2002 iuquit,
738 1917 838 1982 animi
870 1918 959 1982 vitiis
991 1915 1118 1982 minusl

97 2005 227 2091 aliquos
251 2027 348 2070 sanos
372 2027 442 2071 esse
463 2006 652 2092 intellegere
671 2006 797 2070 debere.
831 2006 984 2089 alioquin,
1003 2007 1118 2091 inquit,

95 2093 256 2176 futurum,
278 2095 373 2159 utin
395 2094 523 2159 infinito
546 2095 608 2159 hac
632 2095 757 2159 ratione
781 2095 901 2159 multos
926 2116 1023 2158 sanos
1048 2117 1117 2159 esse

96 2203 308 2268 negaremus,
335 2187 371 2246 ut
398 2187 478 2267 puta
505 2183 610 2247 levem
639 2183 898 2266 superst'tiosum
926 2184 1118 2247 iracundum

97 2276 325 2337 contumacem
347 2275 381 2336 et
405 2272 433 2336 si
457 2294 527 2357 qua
544 2271 664 2337 similia
683 2275 759 2336 sunt
778 2273 877 2336 animi
896 2272 987 2353 vitia3
1012 2273 1117 2357 magis

97 2362 185 2426 enim
213 2360 253 2425 de
279 2361 423 2444 corporis
447 2361 601 2445 sanitate,
630 2383 726 2444 quam
750 2360 788 2424 de
812 2359 912 2425 animi
935 2360 1022 2423 vitiis
1045 2382 1117 2443 pro-

98 2450 197 2514 mitti.
234 2449 397 2514 interdum
414 2453 533 2531 tamon,
556 2449 672 2535 inquit,
694 2449 810 2514 vitium
829 2449 996 2532 corporale
1015 2469 1117 2532 usque

98 2538 140 2602 ad
157 2538 304 2604 animum
323 2538 491 2622 pervenire
511 2545 544 2602 et
563 2561 635 2603 eum
650 2537 778 2618 vitiare,
798 2537 897 2602 veluti
912 2537 1117 2622 contingeret

98 2636 298 2715 φρενητικῷ,
321 2628 397 2713 quia
420 2627 453 2691 id
474 2628 504 2692 ei
523 2650 562 2693 ex
580 2627 725 2692 febribus
745 2626 906 2691 acciderit.
944 2626 1020 2710 quid
1040 2647 1117 2710 ergo

100 2717 172 2781 est?
210 2717 339 2801 siquid
363 2717 406 2781 sit
430 2717 529 2781 animi
552 2717 668 2781 vitium
691 2716 767 2797 tale,
790 2720 826 2779 ut
849 2714 881 2778 id
905 2737 924 2778 a
948 2715 1114 2781 venditore

99 2805 206 2890 excipi
239 2809 403 2888 oporteret
434 2827 537 2890 neque
570 2806 602 2869 id
634 2805 784 2870 venditor
816 2826 888 2869 oum
921 2804 1018 2868 sciret
1045 2827 1118 2890 pro·

99 2895 297 2971 nuntiasset,
321 2915 359 2958 ex
382 2898 490 2978 empto
515 2916 589 2958 eum
611 2895 722 2958 teneri.

189 2983 219 3047 2.
252 2980 291 3047 Ι).
305 2982 417 3064 ibid.§
435 2982 484 3049 10.
507 3019 552 3030 -
576 2980 667 3047 Idem
696 2982 851 3047 Vivianus
881 2983 940 3065 ait,
970 2984 1116 3067 quamvis

99 3070 275 3155 aliquando
308 3072 379 3155 quis
409 3072 494 3137 circa
521 3072 598 3136 fana
625 3072 801 3137 bacchatus
830 3073 873 3136 sit
900 3077 932 3138 et
958 3093 1117 3157 responsa

98 3159 289 3243 reddiderit,
325 3163 447 3244 tamen,
480 3163 508 3226 si
539 3182 624 3226 nunc
655 3161 717 3225 hoc
748 3182 814 3224 non
845 3160 958 3240 faciat,
989 3160 1116 3224 nullum

98 3248 215 3313 vitium
234 3269 318 3332 esse;
340 3271 444 3335 neque
463 3272 500 3315 eo
519 3250 660 3333 nomine,
684 3249 769 3333 quod
789 3248 961 3334 aliquando
979 3248 1012 3311 id
1030 3247 1117 3329 fecit,

99 3337 186 3403 actio
211 3341 269 3420 est,
293 3337 389 3403 sicuti
413 3340 441 3404 si
465 3338 640 3424 aliquando
664 3337 788 3402 febrem
810 3337 934 3402 habuit.
975 3339 1117 3400 ceterum

100 3426 128 3490 si
150 3426 256 3491 nihilo
280 3428 388 3492 minus
411 3432 615 3512 parmaneret
636 3429 670 3491 in
695 3448 732 3491 eo
756 3427 847 3509 vitio,
873 3429 909 3488 ut
932 3425 1017 3489 circa
1040 3423 1117 3487 fana

173 3554 188 3600 1
208 3547 256 3602 Fl.
276 3547 368 3602 minus
387 3548 475 3604 animi
492 3547 579 3604 vitiis.
598 3556 600 3562 ’
