2422 3976
166 196 233 262 500
269 195 303 250 ι.
322 193 472 250 suevus
490 193 709 249 eruemur
727 195 836 252 usur.
854 194 951 253 rums
968 194 1134 261 οοιιιιιιιι

169 366 221 444 est,
243 360 371 443 erotem
392 379 454 425 esse
475 358 615 425 existimo
625 379 688 442 pro
700 359 847 441 portione¹
860 358 895 424 in
912 380 1056 443 quemque
1070 379 1155 425 soreos

161 450 314 515 actionem
336 449 421 532 dori,
443 449 518 513 dum
533 448 656 531 pupillo
677 447 765 514 soloe
786 449 909 514 roseit

534 632 586 700 De
606 635 809 701 serotooooos.

262 750 291 816 8.
319 751 536 837 D.,86,6,.1
582 746 695 815 Celsus
716 750 801 815 libro
824 750 939 836 quinto
963 749 1154 837 Digestorum

170 876 209 888 -
239 837 274 905 Si
306 860 368 925 ego
400 840 453 904 rie
485 860 567 925 quae
594 840 689 904 nobis
715 861 774 924 per
799 839 899 905 vieini
925 838 1059 905 fundum
1086 837 1154 903 debe·

168 930 274 1013 betur,
297 950 374 993 usus
393 928 493 1010 fuero,
514 931 552 992 tu
571 931 679 992 autem
697 926 837 994 tteonio¹
847 927 1042 1031 cessaveris,
1063 948 1101 1029 ιι
1117 924 1153 989 ius

169 1021 262 1083 tuum
283 1016 453 1082 emiseris?
494 1027 527 1081 et
544 1038 562 1081 e
581 1019 658 1082 eont
658 1018 754 1097 rario,
777 1016 805 1082 si
823 1016 960 1103 vicinus,
982 1016 1034 1083 eui
1051 1013 1100 1081 rie
1113 1032 1153 1098 pur

170 1112 319 1173 nostrum
351 1107 485 1172 fundum
513 1104 702 1188 debebatur,
731 1126 789 1189 per
816 1126 923 1169 meam
951 1108 1077 1190 partem
1099 1100 1154 1167 ierit

169 1196 282 1350 333
297 1198 546 1348 1333333m
562 1193 987 1369 33333333‘3
989 1197 1158 1348 3333

167 1372 285 1454 fundos
303 1374 384 1437 inter
400 1372 496 1437 sorios
512 1371 694 1454 ropionibus,
716 1372 798 1453 quod
813 1372 858 1437 oet
873 1364 1047 1437 sooioiem
1063 1369 1157 1446 attinet,

169 1478 248 1544 quoe
274 1462 303 1526 et
327 1461 426 1542 fundo
448 1460 620 1544 detetotor,
642 1461 771 1543 perinde
792 1465 843 1545 est,
864 1465 956 1543 atoue
977 1462 1008 1525 si
1029 1460 1068 1525 ot
1087 1456 1157 1524 initio

168 1550 286 1615 duobus
313 1550 425 1632 fondis
455 1549 558 1615 debito
587 1550 644 1626 stt;
680 1553 709 1613 et
738 1549 798 1615 soti
828 1549 956 1632 quisque
986 1549 1159 1615 emensum

170 1643 302 1720 usurpat
322 1638 504 1721 seruitotem,
525 1637 586 1703 soe
607 1657 670 1702 eoo
691 1638 802 1703 otrodo
824 1638 960 1721 deperdit
974 1658 1030 1704 roeo
1046 1635 1159 1720 emptu

169 1727 205 1790 io
239 1747 276 1791 eo
305 1747 339 1791 re
369 1746 480 1792 ooosoe
509 1746 614 1792 eorum
644 1726 814 1807 foedorum
846 1728 1028 1805 mererium
1059 1723 1160 1805 nortl

169 1815 235 1880 utto
253 1815 374 1881 tortorio
391 1817 420 1880 ei
441 1815 529 1881 ouius
548 1814 668 1896 feodos
688 1816 794 1897 seue,
816 1816 911 1881 torono
932 1817 963 1881 si
984 1836 1044 1899 quo
1064 1813 1160 1893 melior,

169 1904 316 1985 quoniam
342 1903 421 1969 alter
447 1904 644 1971 dominorum
669 1905 780 1970 omero
807 1903 879 1986 sibi,
911 1924 975 1970 nors
1001 1905 1057 1971 tori
1079 1900 1159 1985 feodo

163 1994 296 2077 proficit.

549 2088 599 2155 De
620 2090 800 2156 minoribus.

260 2206 289 2270 9.
307 2205 347 2269 D.
357 2205 387 2287 4,
397 2207 427 2284 4,
438 2205 467 2286 3,
480 2207 507 2270 1.
544 2205 633 2269 Idem
652 2202 709 2290 (se.
722 2202 896 2293 Ulpianus)
912 2207 996 2272 libro
1011 2204 1158 2270 undecimo

174 2296 214 2359 ad
237 2294 386 2358 edietum.

263 2426 290 2465 v.
314 2405 394 2463 infre
416 2405 624 2480 Epistularum
647 2405 748 2465 libros.

595 2587 751 2652 Monduti.

262 2703 311 2767 10
335 2701 374 2767 D.
393 2703 473 2783 17,1
458 2701 551 2785 1,16.
590 2699 749 2786 Ulpianus
768 2703 887 2768 libret
872 2702 1061 2786 trigensime
1077 2699 1159 2796 primo
1196 2758 1202 2779 -.

173 2790 213 2854 ad
242 2791 325 2855 edict
312 2795 454 2854 tum.-
416 2787 515 2854 -si
542 2790 614 2874 quis
644 2791 723 2854 mihi
746 2791 982 2856 mandaverit'
972 2814 1008 2856 ιιι
1030 2811 1099 2855 meo
1118 2783 1159 2852 uli
1193 2846 1202 2877 ,

172 2877 247 2962 quid
281 2879 449 2943 feceret
417 2884 449 2943 et
480 2879 601 2959 fecero,
633 2880 814 2963 quaesitum
847 2885 910 2963 est,
945 2902 988 2944 an
1021 2879 1063 2944 sit
1092 2895 1160 2942 mun·
1192 2940 1202 2963 ,

86 3044 89 3051 Ι
172 2967 240 3030 deti
268 2972 318 3031 aet
320 2965 360 3031 io.
411 2971 443 3030 et
475 2966 521 3031 eit
507 2929 660 3032 tOelsus
692 2968 777 3032 libro
807 2969 946 3052 septimo
975 2967 1159 3054 Digestorum
1193 3008 1202 3016 -

172 3055 233 3120 hee
255 3055 459 3138 respondisse
483 3077 526 3139 se,
550 3077 622 3119 cum
645 3055 796 3121 Aurelius
821 3056 956 3134 Quietus
979 3055 1098 3142 hospiti
1117 3069 1159 3117 suo
1192 3050 1202 3125 ἶ

171 3145 295 3208 medico
330 3144 500 3208 mendasse
533 3144 702 3229 diceretur,
736 3149 772 3209 ut
803 3147 838 3210 in
869 3145 975 3212 hortis
1010 3149 1158 3226 eiusque
1191 3146 1201 3219 'j

173 3232 346 3297 Ravennae
378 3232 532 3316 habebat,
505 3231 598 3295 tin
630 3255 709 3317 quos
739 3234 888 3300 omnibus
918 3236 1011 3301 annis
1039 3231 1157 3299 seoedere
1190 3234 1196 3248 ⁸

172 3322 313 3405 solebat,
286 3321 617 3473 tspheeristeritum
655 3327 688 3386 et
723 3321 979 3407 hypoeaustae
981 3319 1155 3409 squaedam

171 3409 272 3493 ipsius
304 3409 482 3476 valetudini
510 3415 586 3494 apte
615 3431 673 3475 sua
701 3410 848 3496 impensa
874 3411 1009 3495 feceret,
1046 3408 1154 3475 deducto

244 3571 257 3617 1
281 3565 355 3620 Trio
376 3567 527 3621 constituto
549 3570 683 3636 tempore
