2460 3976
104 185 169 248 578
470 179 746 236 unumunurm.

104 370 172 413 non
194 343 352 410 nubserit'
372 345 486 409 velita
509 342 548 408 ‘si
571 366 674 428 neque
692 343 778 408 Titio
797 365 899 428 neque
919 342 996 409 Seio
1016 367 1125 430 nequa

106 435 233 500 Maeuio
262 431 420 517 nupserit'
447 437 481 497 et
508 433 644 517 denique
668 434 695 497 si
718 435 826 517 plures
848 455 1009 516 personae
1036 456 1123 499 com·

106 524 283 610 prehensae
315 523 446 605 fuerint,
477 523 582 605 magis
614 521 746 606 placuit,
776 521 910 587 cuilibet
943 545 1061 587 eorum
1096 524 1123 586 si

106 613 267 692 nubserit,
307 611 499 676 amissuram
530 612 686 695 legatum,
717 632 777 675 nec
808 610 910 675 videri
951 612 1014 675 tali
1051 630 1122 675 con-

106 702 230 767 dicione
262 700 416 765 viduitate
445 699 641 783 iniunctam,
676 721 748 763 cum
783 698 839 763 alii
872 700 1006 763 cuilibet
1041 703 1123 764 satis

109 789 275 856 commode
298 788 401 872 possit
424 789 554 852 nubere.

200 888 248 953 18.
271 887 310 950 D.
334 885 386 968 35,
411 887 439 969 1,
462 886 513 950 24.
537 884 627 948 Idem
651 881 709 971 (sc.
732 883 891 969 Iulianus)
915 885 1001 950 libro
1028 886 1122 970 quin·

108 977 293 1061 quagesimo
318 975 429 1058 quinto
453 973 672 1059 Digestorum.
693 1010 730 1021 -
752 972 824 1038 Iure
844 973 933 1038 civili
951 979 1122 1058 receptum

106 1070 169 1148 est,
208 1063 356 1149 quotiens
392 1085 449 1146 per
481 1084 574 1142 eum,
603 1063 692 1126 cuius
724 1063 858 1127 interest
895 1063 1122 1128 condicionem

106 1153 215 1236 <n0n>
240 1152 380 1236 impleri,
408 1151 460 1231 fit,
490 1173 553 1236 quo
577 1151 683 1215 minus
710 1151 898 1234 impleatur,
925 1157 964 1216 ut
986 1153 1123 1236 perinde

107 1243 273 1324 habeatur,
297 1263 335 1305 ac
358 1240 387 1304 si
409 1239 544 1329 impleta
568 1237 712 1304 condicio
736 1240 859 1305 fuisset.

512 1423 559 1481 De
581 1423 705 1482 caducis.

199 1544 260 1608 19?
297 1541 336 1606 D.
365 1543 426 1626 31,
455 1541 497 1606 55
512 1564 559 1624 pr.
606 1539 707 1605 Gaius
736 1541 819 1606 libro
852 1541 1046 1607 duodecimo
1083 1543 1122 1608 ad

106 1634 211 1716 legem
234 1631 350 1695 Iuliam
373 1637 406 1694 et
423 1630 565 1714 Papiam.
581 1667 623 1676 -
639 1628 673 1694 Si
687 1629 774 1694 Titio
789 1633 822 1694 et
835 1630 916 1694 mihi
931 1631 1048 1696 eadem
1071 1654 1122 1696 res

106 1721 216 1804 legata
229 1719 328 1782 fuerit
342 1722 376 1783 et
387 1719 416 1782 is
431 1719 481 1783 die
495 1719 625 1783 cedente
640 1719 743 1804 legati
757 1719 930 1783 decesserit
940 1741 992 1784 me
1002 1720 1122 1784 herede

105 1809 218 1872 relicto
247 1813 279 1871 et
303 1808 352 1871 vel
376 1828 414 1870 ex
438 1829 508 1871 mea
531 1807 661 1891 propria
681 1829 779 1872 causa
797 1807 846 1872 vel
861 1830 900 1871 ex
917 1808 1122 1874 hereditaria

106 1900 249 1981 legatum
285 1896 494 1979 repudiavere
501 1947 510 1980 ,
546 1897 650 1980 magis
690 1898 816 1980 placere
857 1896 950 1962 video
992 1903 1123 1982 partem

106 1985 268 2049 defecisse.

195 2083 260 2148 20?
301 2082 339 2146 D.
368 2083 421 2164 31,
449 2082 501 2165 55,
531 2084 558 2146 1.
605 2082 703 2146 Gaius
737 2083 820 2148 libro
855 2082 1047 2149 duodecimo
1082 2086 1122 2148 ad

107 2172 212 2253 legem
235 2172 351 2235 Iuliam
384 2177 416 2234 et
443 2171 586 2255 Papiam.
618 2208 658 2215 --
688 2169 722 2234 si
751 2194 788 2263 ep
817 2173 932 2236 herede
956 2173 1121 2255 instituta,

107 2262 163 2344 qui
187 2261 236 2322 vel
261 2260 341 2323 nihil
359 2260 410 2324 vel
429 2282 495 2324 non
514 2265 619 2324 totum
643 2283 754 2343 capere
773 2265 890 2343 potest,
915 2283 1008 2325 servo
1031 2263 1119 2325 here

108 2349 225 2412 ditaric
250 2349 394 2432 legatum
412 2348 518 2431 fuerit,
537 2349 752 2413 tractantibus
767 2349 861 2430 nobis
878 2349 916 2412 de
936 2352 1121 2433 capacitate

107 2437 283 2502 videndum
307 2441 365 2518 est,
392 2441 501 2501 utrum
529 2437 654 2500 heredis
685 2461 726 2503 an
750 2438 892 2502 defuncti
915 2461 1057 2521 persona
1081 2463 1122 2503 an

107 2527 252 2591 neutrius
291 2525 429 2608 spectari
463 2526 584 2589 debeat.
623 2530 655 2589 et
687 2530 762 2609 post
795 2529 912 2590 multas
946 2529 1121 2592 varietates

109 2615 227 2697 placet,
254 2620 290 2679 ut
318 2613 393 2696 quia
419 2614 527 2678 nullus
556 2617 605 2677 est
628 2615 785 2696 dominus
808 2615 843 2678 in
866 2616 957 2680 cuius
982 2638 1123 2698 persona

108 2703 146 2766 de
166 2705 341 2786 capacitate
361 2704 471 2786 quaeri
490 2702 600 2785 possit,
625 2704 693 2767 sine
717 2705 781 2768 ullo
805 2702 1042 2788 impedimento
1068 2707 1120 2769 ad-

109 2792 254 2875 quiratur
277 2793 418 2876 legatum
439 2791 609 2855 hereditati
634 2797 729 2875 atque
754 2793 795 2855 ob
818 2793 849 2856 id
871 2794 1060 2858 omnimodo
1082 2795 1120 2858 ad

108 2903 181 2943 eum
204 2881 372 2964 pertineat,
396 2882 586 2963 quicumque
610 2890 723 2961 postca
746 2881 840 2944 heres
864 2882 1016 2946 extiterit.

434 3062 485 3122 Au
507 3065 594 3136 leyem
616 3064 789 3121 Falcidium.

197 3184 248 3247 21.
286 3183 325 3246 D.
353 3183 404 3266 35,
433 3184 462 3265 2,
492 3183 541 3263 76,
572 3185 599 3246 1.
631 3219 668 3227 —
695 3181 795 3245 Gaius
828 3182 910 3247 libro
949 3185 1048 3249 tertio
1083 3185 1119 3248 dc

110 3272 228 3355 legatis
262 3272 301 3334 ad
336 3272 471 3335 edictum
505 3270 673 3354 praetoris.
700 3307 745 3317 -
852 3272 975 3353 placuit
1003 3275 1121 3357 legata,

110 3383 191 3442 quae
220 3361 368 3440 legatarii
396 3382 461 3423 non
495 3360 639 3442 capiunt,
669 3382 741 3423 cum
770 3360 853 3442 apud
889 3360 1023 3425 heredes
1048 3365 1120 3426 sub-

110 3448 259 3525 sederint,
283 3447 475 3512 hereditario
502 3448 569 3510 iure
599 3448 682 3531 apud
710 3470 765 3511 eos
788 3470 952 3513 remanere
971 3450 1122 3536 intellegi

104 3543 139 3602 et
160 3537 232 3604 ideo
257 3536 431 3625 quadranti
451 3536 651 3620 imputanda.
