<?xml version="1.0" encoding="UTF-8"?>
<!DOCTYPE html PUBLIC "-//W3C//DTD XHTML 1.0 Transitional//EN"
    "http://www.w3.org/TR/xhtml1/DTD/xhtml1-transitional.dtd">
<html xmlns="http://www.w3.org/1999/xhtml" xml:lang="en" lang="en">
 <head>
  <title>
</title>
<meta http-equiv="Content-Type" content="text/html;charset=utf-8" />
  <meta name='ocr-system' content='tesseract 3.04.00' />
  <meta name='ocr-capabilities' content='ocr_page ocr_carea ocr_par ocr_line ocrx_word'/>
</head>
<body>
  <div class='ocr_page' id='page_1' title='image "./iurisprudentiae01bremgoog_0031.png"; bbox 0 0 2422 3976; ppageno 0'>
   <div class='ocr_carea' id='block_1_1' title="bbox 96 186 187 241">
    <p class='ocr_par' dir='ltr' id='par_1_1' title="bbox 96 186 187 241">
     <span class='ocr_line' id='line_1_1' title="bbox 96 186 187 241; baseline 0.011 -1"><span class='ocrx_word' id='word_1_1' title='bbox 96 186 187 241; x_wconf 86' lang='lat' dir='ltr'>XXIV</span> 
     </span>
    </p>
   </div>
   <div class='ocr_carea' id='block_1_2' title="bbox 95 348 1154 2563">
    <p class='ocr_par' dir='ltr' id='par_1_2' title="bbox 96 348 1114 504">
     <span class='ocr_line' id='line_1_2' title="bbox 98 348 1114 432; baseline 0 -18"><span class='ocrx_word' id='word_1_2' title='bbox 98 354 335 416; x_wconf 78' lang='lat' dir='ltr'><strong>Cordubensium</strong></span> <span class='ocrx_word' id='word_1_3' title='bbox 375 353 407 412; x_wconf 91' lang='lat' dir='ltr'>in</span> <span class='ocrx_word' id='word_1_4' title='bbox 450 352 659 412; x_wconf 77' lang='lat' dir='ltr'><strong>contrahendis</strong></span> <span class='ocrx_word' id='word_1_5' title='bbox 700 352 814 430; x_wconf 89' lang='lat' dir='ltr'>nuptiis</span> <span class='ocrx_word' id='word_1_6' title='bbox 853 348 963 428; x_wconf 85' lang='lat' dir='ltr'>more¹,</span> <span class='ocrx_word' id='word_1_7' title='bbox 1004 374 1114 432; x_wconf 87' lang='lat' dir='ltr'>parum</span> 
     </span>
     <span class='ocr_line' id='line_1_3' title="bbox 96 443 291 504; baseline -0.01 -1"><span class='ocrx_word' id='word_1_8' title='bbox 96 445 187 504; x_wconf 88' lang='lat' dir='ltr'>utiles</span> <span class='ocrx_word' id='word_1_9' title='bbox 211 443 291 502; x_wconf 84' lang='lat' dir='ltr'>duxi.</span> 
     </span>
    </p>

    <p class='ocr_par' dir='ltr' id='par_1_3' title="bbox 96 530 1114 1409">
     <span class='ocr_line' id='line_1_4' title="bbox 186 530 1114 609; baseline 0.004 -19"><span class='ocrx_word' id='word_1_10' title='bbox 186 530 322 609; x_wconf 90' lang='lat' dir='ltr'>Denique</span> <span class='ocrx_word' id='word_1_11' title='bbox 347 551 365 590; x_wconf 86' lang='lat' dir='ltr'>a</span> <span class='ocrx_word' id='word_1_12' title='bbox 386 550 419 590; x_wconf 89' lang='lat' dir='ltr'>re</span> <span class='ocrx_word' id='word_1_13' title='bbox 442 531 599 607; x_wconf 88' lang='lat' dir='ltr'>proposita</span> <span class='ocrx_word' id='word_1_14' title='bbox 621 548 681 589; x_wconf 92' lang='lat' dir='ltr'>non</span> <span class='ocrx_word' id='word_1_15' title='bbox 704 530 838 589; x_wconf 87' lang='lat' dir='ltr'>alienum</span> <span class='ocrx_word' id='word_1_16' title='bbox 861 548 926 591; x_wconf 90' lang='lat' dir='ltr'>esse</span> <span class='ocrx_word' id='word_1_17' title='bbox 951 533 1059 607; x_wconf 84' lang='lat' dir='ltr'>putavi</span> <span class='ocrx_word' id='word_1_18' title='bbox 1081 536 1114 594; x_wconf 87' lang='lat' dir='ltr'>et</span> 
     </span>
     <span class='ocr_line' id='line_1_5' title="bbox 98 619 1112 699; baseline 0 -17"><span class='ocrx_word' id='word_1_19' title='bbox 98 641 201 682; x_wconf 85' lang='lat' dir='ltr'>sorum</span> <span class='ocrx_word' id='word_1_20' title='bbox 215 622 369 694; x_wconf 87' lang='lat' dir='ltr'>librorum,</span> <span class='ocrx_word' id='word_1_21' title='bbox 385 639 512 696; x_wconf 88' lang='lat' dir='ltr'>quorum</span> <span class='ocrx_word' id='word_1_22' title='bbox 526 619 648 678; x_wconf 91' lang='lat' dir='ltr'>nomina</span> <span class='ocrx_word' id='word_1_23' title='bbox 662 622 782 679; x_wconf 87' lang='lat' dir='ltr'>tantum</span> <span class='ocrx_word' id='word_1_24' title='bbox 797 621 909 695; x_wconf 81' lang='lat' dir='ltr'>extant,</span> <span class='ocrx_word' id='word_1_25' title='bbox 924 624 1112 699; x_wconf 87' lang='lat' dir='ltr'>argumenta,</span> 
     </span>
     <span class='ocr_line' id='line_1_6' title="bbox 96 699 1114 790; baseline 0.001 -20"><span class='ocrx_word' id='word_1_26' title='bbox 96 713 244 787; x_wconf 89' lang='lat' dir='ltr'>quantum</span> <span class='ocrx_word' id='word_1_27' title='bbox 268 709 333 768; x_wconf 90' lang='lat' dir='ltr'>fieri</span> <span class='ocrx_word' id='word_1_28' title='bbox 356 709 473 788; x_wconf 87' lang='lat' dir='ltr'>liceret,</span> <span class='ocrx_word' id='word_1_29' title='bbox 502 709 673 768; x_wconf 86' lang='lat' dir='ltr'>coniectura</span> <span class='ocrx_word' id='word_1_30' title='bbox 696 708 819 767; x_wconf 89' lang='lat' dir='ltr'>definire</span> <span class='ocrx_word' id='word_1_31' title='bbox 843 699 996 790; x_wconf 82' lang='lat' dir='ltr'>(exempla</span> <span class='ocrx_word' id='word_1_32' title='bbox 1019 711 1114 772; x_wconf 89' lang='lat' dir='ltr'>habes</span> 
     </span>
     <span class='ocr_line' id='line_1_7' title="bbox 96 790 1112 879; baseline 0.002 -22"><span class='ocrx_word' id='word_1_33' title='bbox 96 800 162 874; x_wconf 95' lang='lat' dir='ltr'>Ip.</span> <span class='ocrx_word' id='word_1_34' title='bbox 184 800 202 858; x_wconf 88' lang='lat'>3</span> <span class='ocrx_word' id='word_1_35' title='bbox 227 802 258 857; x_wconf 90' lang='lat' dir='ltr'>et</span> <span class='ocrx_word' id='word_1_36' title='bbox 280 819 308 874; x_wconf 93' lang='lat' dir='ltr'>p.</span> <span class='ocrx_word' id='word_1_37' title='bbox 330 800 406 876; x_wconf 77' lang='lat'>3643</span> <span class='ocrx_word' id='word_1_38' title='bbox 431 797 475 876; x_wconf 84' lang='lat'>11,</span> <span class='ocrx_word' id='word_1_39' title='bbox 495 801 511 857; x_wconf 95' lang='lat'>1</span> <span class='ocrx_word' id='word_1_40' title='bbox 534 817 561 874; x_wconf 92' lang='lat' dir='ltr'>p.</span> <span class='ocrx_word' id='word_1_41' title='bbox 578 790 657 879; x_wconf 85' lang='lat'>364)</span> <span class='ocrx_word' id='word_1_42' title='bbox 691 799 722 856; x_wconf 92' lang='lat' dir='ltr'>et</span> <span class='ocrx_word' id='word_1_43' title='bbox 748 798 873 856; x_wconf 85' lang='lat' dir='ltr'>Masurii</span> <span class='ocrx_word' id='word_1_44' title='bbox 901 797 1005 858; x_wconf 85' lang='lat' dir='ltr'>Sabini</span> <span class='ocrx_word' id='word_1_45' title='bbox 1035 799 1112 860; x_wconf 88' lang='lat' dir='ltr'>iuris</span> 
     </span>
     <span class='ocr_line' id='line_1_8' title="bbox 96 878 1113 968; baseline 0.002 -21"><span class='ocrx_word' id='word_1_46' title='bbox 96 888 192 949; x_wconf 80' lang='lat' dir='ltr'>civilis</span> <span class='ocrx_word' id='word_1_47' title='bbox 222 888 314 946; x_wconf 89' lang='lat' dir='ltr'>libros</span> <span class='ocrx_word' id='word_1_48' title='bbox 338 878 398 968; x_wconf 90' lang='lat' dir='ltr'>(II,</span> <span class='ocrx_word' id='word_1_49' title='bbox 424 890 440 946; x_wconf 96' lang='grc'>1</span> <span class='ocrx_word' id='word_1_50' title='bbox 464 907 494 963; x_wconf 92' lang='lat' dir='ltr'>p.</span> <span class='ocrx_word' id='word_1_51' title='bbox 519 879 684 966; x_wconf 83' lang='lat' dir='ltr'>383sqq.)‚</span> <span class='ocrx_word' id='word_1_52' title='bbox 712 905 787 962; x_wconf 90' lang='lat' dir='ltr'>quos</span> <span class='ocrx_word' id='word_1_53' title='bbox 814 905 910 964; x_wconf 88' lang='lat' dir='ltr'>usque</span> <span class='ocrx_word' id='word_1_54' title='bbox 937 888 976 946; x_wconf 88' lang='lat' dir='ltr'>ad</span> <span class='ocrx_word' id='word_1_55' title='bbox 1008 887 1113 949; x_wconf 83' lang='lat' dir='ltr'>Severi</span> 
     </span>
     <span class='ocr_line' id='line_1_9' title="bbox 97 975 1112 1052; baseline 0.001 -17"><span class='ocrx_word' id='word_1_56' title='bbox 97 979 228 1037; x_wconf 86' lang='lat' dir='ltr'>aetatem</span> <span class='ocrx_word' id='word_1_57' title='bbox 256 994 390 1035; x_wconf 90' lang='lat' dir='ltr'>summae</span> <span class='ocrx_word' id='word_1_58' title='bbox 414 975 604 1035; x_wconf 75' lang='lat' dir='ltr'>auctoritatis</span> <span class='ocrx_word' id='word_1_59' title='bbox 627 976 720 1034; x_wconf 88' lang='lat' dir='ltr'>fuisse</span> <span class='ocrx_word' id='word_1_60' title='bbox 744 980 883 1052; x_wconf 85' lang='lat' dir='ltr'>apparet,</span> <span class='ocrx_word' id='word_1_61' title='bbox 906 976 995 1035; x_wconf 88' lang='lat' dir='ltr'>hodie</span> <span class='ocrx_word' id='word_1_62' title='bbox 1017 979 1112 1037; x_wconf 83' lang='lat' dir='ltr'>maxi·</span> 
     </span>
     <span class='ocr_line' id='line_1_10' title="bbox 96 1063 1112 1141; baseline 0.001 -16"><span class='ocrx_word' id='word_1_63' title='bbox 96 1084 175 1125; x_wconf 89' lang='lat' dir='ltr'>mam</span> <span class='ocrx_word' id='word_1_64' title='bbox 195 1067 312 1141; x_wconf 90' lang='lat' dir='ltr'>partem</span> <span class='ocrx_word' id='word_1_65' title='bbox 326 1065 496 1140; x_wconf 85' lang='lat' dir='ltr'>deperditos</span> <span class='ocrx_word' id='word_1_66' title='bbox 516 1083 552 1124; x_wconf 82' lang='lat' dir='ltr'>cx</span> <span class='ocrx_word' id='word_1_67' title='bbox 571 1063 627 1123; x_wconf 86' lang='lat' dir='ltr'>Gai</span> <span class='ocrx_word' id='word_1_68' title='bbox 640 1064 870 1123; x_wconf 81' lang='lat' dir='ltr'>Institutionum</span> <span class='ocrx_word' id='word_1_69' title='bbox 889 1067 1112 1126; x_wconf 87' lang='lat' dir='ltr'>commentariis</span> 
     </span>
     <span class='ocr_line' id='line_1_11' title="bbox 97 1153 1111 1232; baseline 0.002 -19"><span class='ocrx_word' id='word_1_70' title='bbox 97 1154 278 1231; x_wconf 89' lang='lat' dir='ltr'>Ulpianique</span> <span class='ocrx_word' id='word_1_71' title='bbox 302 1154 485 1232; x_wconf 78' lang='lat' dir='ltr'>Regularum</span> <span class='ocrx_word' id='word_1_72' title='bbox 511 1153 588 1213; x_wconf 89' lang='lat' dir='ltr'>libro</span> <span class='ocrx_word' id='word_1_73' title='bbox 612 1153 759 1230; x_wconf 81' lang='lat' dir='ltr'>singulari</span> <span class='ocrx_word' id='word_1_74' title='bbox 782 1172 842 1212; x_wconf 90' lang='lat' dir='ltr'>non</span> <span class='ocrx_word' id='word_1_75' title='bbox 865 1155 928 1213; x_wconf 89' lang='lat' dir='ltr'>tam</span> <span class='ocrx_word' id='word_1_76' title='bbox 951 1153 1111 1215; x_wconf 89' lang='lat' dir='ltr'>restituere</span> 
     </span>
     <span class='ocr_line' id='line_1_12' title="bbox 97 1242 1111 1321; baseline 0.002 -19"><span class='ocrx_word' id='word_1_77' title='bbox 97 1263 188 1321; x_wconf 88' lang='lat' dir='ltr'>quam</span> <span class='ocrx_word' id='word_1_78' title='bbox 214 1243 316 1320; x_wconf 90' lang='lat' dir='ltr'>potius</span> <span class='ocrx_word' id='word_1_79' title='bbox 344 1262 380 1302; x_wconf 88' lang='lat' dir='ltr'>ea</span> <span class='ocrx_word' id='word_1_80' title='bbox 403 1242 502 1318; x_wconf 88' lang='lat' dir='ltr'>capita</span> <span class='ocrx_word' id='word_1_81' title='bbox 525 1260 601 1319; x_wconf 88' lang='lat' dir='ltr'>quae</span> <span class='ocrx_word' id='word_1_82' title='bbox 624 1242 863 1318; x_wconf 81' lang='lat' dir='ltr'>praetermittere</span> <span class='ocrx_word' id='word_1_83' title='bbox 888 1242 998 1302; x_wconf 84' lang='lat' dir='ltr'>Sabino</span> <span class='ocrx_word' id='word_1_84' title='bbox 1026 1244 1111 1305; x_wconf 87' lang='lat' dir='ltr'>nullo</span> 
     </span>
     <span class='ocr_line' id='line_1_13' title="bbox 97 1330 1112 1409; baseline 0.001 -19"><span class='ocrx_word' id='word_1_85' title='bbox 97 1332 185 1392; x_wconf 87' lang='lat' dir='ltr'>modo</span> <span class='ocrx_word' id='word_1_86' title='bbox 208 1333 302 1409; x_wconf 88' lang='lat' dir='ltr'>licuit,</span> <span class='ocrx_word' id='word_1_87' title='bbox 325 1331 456 1391; x_wconf 87' lang='lat' dir='ltr'>indicare</span> <span class='ocrx_word' id='word_1_88' title='bbox 480 1333 570 1407; x_wconf 90' lang='lat' dir='ltr'>atque</span> <span class='ocrx_word' id='word_1_89' title='bbox 593 1330 771 1409; x_wconf 82' lang='lat' dir='ltr'>fragmentis</span> <span class='ocrx_word' id='word_1_90' title='bbox 791 1332 917 1392; x_wconf 87' lang='lat' dir='ltr'>servatis</span> <span class='ocrx_word' id='word_1_91' title='bbox 937 1331 1112 1408; x_wconf 85' lang='lat' dir='ltr'>adiungere.</span> 
     </span>
    </p>

    <p class='ocr_par' dir='ltr' id='par_1_4' title="bbox 95 1420 1154 2563">
     <span class='ocr_line' id='line_1_14' title="bbox 185 1420 1113 1498; baseline 0.003 -19"><span class='ocrx_word' id='word_1_92' title='bbox 185 1422 229 1479; x_wconf 91' lang='lat' dir='ltr'>De</span> <span class='ocrx_word' id='word_1_93' title='bbox 261 1421 407 1479; x_wconf 88' lang='lat' dir='ltr'>librorum</span> <span class='ocrx_word' id='word_1_94' title='bbox 438 1420 599 1498; x_wconf 85' lang='lat' dir='ltr'>generibus</span> <span class='ocrx_word' id='word_1_95' title='bbox 631 1421 679 1480; x_wconf 85' lang='lat' dir='ltr'>vel</span> <span class='ocrx_word' id='word_1_96' title='bbox 711 1420 747 1479; x_wconf 89' lang='lat' dir='ltr'>de</span> <span class='ocrx_word' id='word_1_97' title='bbox 778 1420 862 1481; x_wconf 86' lang='lat' dir='ltr'>vario</span> <span class='ocrx_word' id='word_1_98' title='bbox 896 1421 976 1497; x_wconf 85' lang='lat' dir='ltr'>quod</span> <span class='ocrx_word' id='word_1_99' title='bbox 1008 1421 1113 1482; x_wconf 87' lang='lat' dir='ltr'>dicunt</span> 
     </span>
     <span class='ocr_line' id='line_1_15' title="bbox 97 1508 1112 1585; baseline 0 -16"><span class='ocrx_word' id='word_1_100' title='bbox 97 1512 260 1585; x_wconf 86' lang='lat' dir='ltr'>systemate</span> <span class='ocrx_word' id='word_1_101' title='bbox 284 1508 430 1568; x_wconf 86' lang='lat' dir='ltr'>disserere</span> <span class='ocrx_word' id='word_1_102' title='bbox 453 1528 513 1569; x_wconf 90' lang='lat' dir='ltr'>non</span> <span class='ocrx_word' id='word_1_103' title='bbox 535 1508 641 1585; x_wconf 85' lang='lat' dir='ltr'>putavi</span> <span class='ocrx_word' id='word_1_104' title='bbox 664 1509 754 1568; x_wconf 91' lang='lat' dir='ltr'>huius</span> <span class='ocrx_word' id='word_1_105' title='bbox 777 1510 836 1569; x_wconf 93' lang='lat' dir='ltr'>loci</span> <span class='ocrx_word' id='word_1_106' title='bbox 859 1527 933 1569; x_wconf 89' lang='lat' dir='ltr'>esse.</span> <span class='ocrx_word' id='word_1_107' title='bbox 975 1510 1112 1570; x_wconf 85' lang='lat' dir='ltr'>sedium</span> 
     </span>
     <span class='ocr_line' id='line_1_16' title="bbox 96 1593 1111 1678; baseline 0.001 -21"><span class='ocrx_word' id='word_1_108' title='bbox 96 1598 270 1657; x_wconf 84' lang='lat' dir='ltr'>summatim</span> <span class='ocrx_word' id='word_1_109' title='bbox 289 1599 480 1657; x_wconf 89' lang='lat' dir='ltr'>statuendum</span> <span class='ocrx_word' id='word_1_110' title='bbox 498 1601 554 1672; x_wconf 87' lang='lat' dir='ltr'>est,</span> <span class='ocrx_word' id='word_1_111' title='bbox 576 1598 697 1674; x_wconf 89' lang='lat' dir='ltr'>quinam</span> <span class='ocrx_word' id='word_1_112' title='bbox 714 1593 839 1658; x_wconf 90' lang='lat' dir='ltr'>illorum</span> <span class='ocrx_word' id='word_1_113' title='bbox 857 1598 1013 1675; x_wconf 91' lang='lat' dir='ltr'>librorum,</span> <span class='ocrx_word' id='word_1_114' title='bbox 1037 1618 1111 1678; x_wconf 90' lang='lat' dir='ltr'>quo·</span> 
     </span>
     <span class='ocr_line' id='line_1_17' title="bbox 96 1686 1112 1763; baseline 0.002 -18"><span class='ocrx_word' id='word_1_115' title='bbox 96 1706 162 1745; x_wconf 92' lang='lat' dir='ltr'>rum</span> <span class='ocrx_word' id='word_1_116' title='bbox 185 1687 355 1763; x_wconf 79' lang='lat' dir='ltr'>fragmenta</span> <span class='ocrx_word' id='word_1_117' title='bbox 377 1687 408 1744; x_wconf 89' lang='lat' dir='ltr'>in</span> <span class='ocrx_word' id='word_1_118' title='bbox 430 1687 486 1745; x_wconf 91' lang='lat' dir='ltr'>hac</span> <span class='ocrx_word' id='word_1_119' title='bbox 505 1686 678 1746; x_wconf 79' lang='lat' dir='ltr'>collectione</span> <span class='ocrx_word' id='word_1_120' title='bbox 696 1687 851 1763; x_wconf 90' lang='lat' dir='ltr'>proposita</span> <span class='ocrx_word' id='word_1_121' title='bbox 870 1690 950 1761; x_wconf 90' lang='lat' dir='ltr'>sunt,</span> <span class='ocrx_word' id='word_1_122' title='bbox 973 1687 1005 1746; x_wconf 91' lang='lat' dir='ltr'>in</span> <span class='ocrx_word' id='word_1_123' title='bbox 1023 1688 1112 1747; x_wconf 86' lang='lat' dir='ltr'>novis</span> 
     </span>
     <span class='ocr_line' id='line_1_18' title="bbox 95 1774 1112 1853; baseline 0.003 -20"><span class='ocrx_word' id='word_1_124' title='bbox 95 1775 229 1851; x_wconf 85' lang='lat' dir='ltr'>Digestis</span> <span class='ocrx_word' id='word_1_125' title='bbox 264 1775 473 1850; x_wconf 88' lang='lat' dir='ltr'>componendis</span> <span class='ocrx_word' id='word_1_126' title='bbox 505 1774 685 1835; x_wconf 80' lang='lat' dir='ltr'>Triboniano</span> <span class='ocrx_word' id='word_1_127' title='bbox 720 1775 833 1853; x_wconf 83' lang='lat' dir='ltr'>integri</span> <span class='ocrx_word' id='word_1_128' title='bbox 863 1779 984 1852; x_wconf 90' lang='lat' dir='ltr'>praesto</span> <span class='ocrx_word' id='word_1_129' title='bbox 1017 1776 1112 1836; x_wconf 88' lang='lat' dir='ltr'>fuisse</span> 
     </span>
     <span class='ocr_line' id='line_1_19' title="bbox 95 1863 1111 1940; baseline 0.002 -17"><span class='ocrx_word' id='word_1_130' title='bbox 95 1865 264 1923; x_wconf 78' lang='lat' dir='ltr'>videantur.</span> <span class='ocrx_word' id='word_1_131' title='bbox 314 1868 405 1940; x_wconf 89' lang='lat' dir='ltr'>atque</span> <span class='ocrx_word' id='word_1_132' title='bbox 432 1863 518 1923; x_wconf 90' lang='lat' dir='ltr'>libris</span> <span class='ocrx_word' id='word_1_133' title='bbox 544 1863 657 1922; x_wconf 88' lang='lat' dir='ltr'>liberae</span> <span class='ocrx_word' id='word_1_134' title='bbox 680 1864 884 1939; x_wconf 88' lang='lat' dir='ltr'>reipublicae</span> <span class='ocrx_word' id='word_1_135' title='bbox 907 1867 1008 1924; x_wconf 89' lang='lat' dir='ltr'>astate</span> <span class='ocrx_word' id='word_1_136' title='bbox 1031 1884 1111 1925; x_wconf 92' lang='lat' dir='ltr'>com·</span> 
     </span>
     <span class='ocr_line' id='line_1_20' title="bbox 96 1952 1112 2029; baseline 0.001 -17"><span class='ocrx_word' id='word_1_137' title='bbox 96 1954 202 2029; x_wconf 90' lang='lat' dir='ltr'>positis</span> <span class='ocrx_word' id='word_1_138' title='bbox 237 1953 323 2011; x_wconf 89' lang='lat' dir='ltr'>illum</span> <span class='ocrx_word' id='word_1_139' title='bbox 354 1953 534 2012; x_wconf 81' lang='lat' dir='ltr'>abstinuisse</span> <span class='ocrx_word' id='word_1_140' title='bbox 563 1952 652 2011; x_wconf 91' lang='lat' dir='ltr'>facile</span> <span class='ocrx_word' id='word_1_141' title='bbox 683 1955 821 2029; x_wconf 82' lang='lat' dir='ltr'>apparet,</span> <span class='ocrx_word' id='word_1_142' title='bbox 856 1953 926 2013; x_wconf 88' lang='lat' dir='ltr'>licet</span> <span class='ocrx_word' id='word_1_143' title='bbox 957 1953 990 2024; x_wconf 78' lang='lat' dir='ltr'>Q.</span> <span class='ocrx_word' id='word_1_144' title='bbox 1018 1953 1112 2013; x_wconf 85' lang='lat' dir='ltr'>Mucii</span> 
     </span>
     <span class='ocr_line' id='line_1_21' title="bbox 97 2037 1110 2124; baseline 0.003 -23"><span class='ocrx_word' id='word_1_145' title='bbox 97 2041 258 2103; x_wconf 84' lang='lat' dir='ltr'>Scaevolae</span> <span class='ocrx_word' id='word_1_146' title='bbox 270 2060 385 2101; x_wconf 93' lang='lat' dir='ltr'>nomen</span> <span class='ocrx_word' id='word_1_147' title='bbox 403 2042 435 2099; x_wconf 93' lang='lat' dir='ltr'>in</span> <span class='ocrx_word' id='word_1_148' title='bbox 452 2042 550 2100; x_wconf 89' lang='lat' dir='ltr'>indice</span> <span class='ocrx_word' id='word_1_149' title='bbox 563 2041 738 2100; x_wconf 84' lang='lat' dir='ltr'>Florentino</span> <span class='ocrx_word' id='word_1_150' title='bbox 755 2042 875 2118; x_wconf 89' lang='lat' dir='ltr'>legatur</span> <span class='ocrx_word' id='word_1_151' title='bbox 890 2037 940 2116; x_wconf 87' lang='lat' dir='ltr'>(cf.</span> <span class='ocrx_word' id='word_1_152' title='bbox 955 2042 971 2100; x_wconf 95' lang='lat' dir='ltr'>I</span> <span class='ocrx_word' id='word_1_153' title='bbox 984 2064 1012 2118; x_wconf 91' lang='lat' dir='ltr'>p.</span> <span class='ocrx_word' id='word_1_154' title='bbox 1031 2039 1110 2124; x_wconf 87' lang='lat'>103)</span> 
     </span>
     <span class='ocr_line' id='line_1_22' title="bbox 97 2127 1154 2210; baseline 0.002 -21"><span class='ocrx_word' id='word_1_155' title='bbox 97 2134 128 2189; x_wconf 93' lang='lat' dir='ltr'>et</span> <span class='ocrx_word' id='word_1_156' title='bbox 150 2131 296 2190; x_wconf 89' lang='lat' dir='ltr'>nonnulla</span> <span class='ocrx_word' id='word_1_157' title='bbox 318 2130 388 2189; x_wconf 88' lang='lat' dir='ltr'>libri</span> <span class='ocrx_word' id='word_1_158' title='bbox 412 2127 490 2210; x_wconf 80' lang='grc' dir='ltr'><strong><em>ὅρων</em></strong></span> <span class='ocrx_word' id='word_1_159' title='bbox 513 2131 684 2206; x_wconf 86' lang='lat' dir='ltr'>fragmenta</span> <span class='ocrx_word' id='word_1_160' title='bbox 702 2130 802 2190; x_wconf 86' lang='lat' dir='ltr'>Mucio</span> <span class='ocrx_word' id='word_1_161' title='bbox 825 2132 944 2190; x_wconf 89' lang='lat' dir='ltr'>nomine</span> <span class='ocrx_word' id='word_1_162' title='bbox 963 2131 1112 2207; x_wconf 88' lang='lat' dir='ltr'>insignita</span> <span class='ocrx_word' id='word_1_163' title='bbox 1153 2167 1154 2172; x_wconf 22' lang='grc' dir='ltr'><strong><em>κ</em></strong></span> 
     </span>
     <span class='ocr_line' id='line_1_23' title="bbox 95 2211 1113 2301; baseline 0.001 -23"><span class='ocrx_word' id='word_1_164' title='bbox 95 2220 127 2278; x_wconf 90' lang='lat' dir='ltr'>in</span> <span class='ocrx_word' id='word_1_165' title='bbox 145 2220 272 2297; x_wconf 85' lang='lat' dir='ltr'>Digesta</span> <span class='ocrx_word' id='word_1_166' title='bbox 290 2221 410 2295; x_wconf 89' lang='lat' dir='ltr'>recepta</span> <span class='ocrx_word' id='word_1_167' title='bbox 427 2212 478 2299; x_wconf 85' lang='lat' dir='ltr'>(of.</span> <span class='ocrx_word' id='word_1_168' title='bbox 497 2217 512 2276; x_wconf 96' lang='lat' dir='ltr'>I</span> <span class='ocrx_word' id='word_1_169' title='bbox 529 2240 558 2295; x_wconf 93' lang='lat' dir='ltr'>p.</span> <span class='ocrx_word' id='word_1_170' title='bbox 580 2211 667 2301; x_wconf 86' lang='lat'>104),</span> <span class='ocrx_word' id='word_1_171' title='bbox 687 2222 843 2296; x_wconf 89' lang='lat' dir='ltr'>praeterea</span> <span class='ocrx_word' id='word_1_172' title='bbox 861 2219 920 2279; x_wconf 88' lang='lat' dir='ltr'>duo</span> <span class='ocrx_word' id='word_1_173' title='bbox 939 2220 1113 2296; x_wconf 85' lang='lat' dir='ltr'>fragmenta</span> 
     </span>
     <span class='ocr_line' id='line_1_24' title="bbox 95 2307 1111 2385; baseline 0.002 -19"><span class='ocrx_word' id='word_1_174' title='bbox 95 2308 177 2366; x_wconf 87' lang='lat' dir='ltr'>Aelii</span> <span class='ocrx_word' id='word_1_175' title='bbox 199 2307 279 2367; x_wconf 82' lang='lat' dir='ltr'>Galli</span> <span class='ocrx_word' id='word_1_176' title='bbox 306 2307 426 2367; x_wconf 89' lang='lat' dir='ltr'>nomine</span> <span class='ocrx_word' id='word_1_177' title='bbox 448 2308 595 2384; x_wconf 87' lang='lat' dir='ltr'>inscripta</span> <span class='ocrx_word' id='word_1_178' title='bbox 616 2309 706 2368; x_wconf 90' lang='lat' dir='ltr'>titulo</span> <span class='ocrx_word' id='word_1_179' title='bbox 731 2309 766 2367; x_wconf 90' lang='lat' dir='ltr'>de</span> <span class='ocrx_word' id='word_1_180' title='bbox 788 2309 948 2369; x_wconf 84' lang='lat' dir='ltr'>verborum</span> <span class='ocrx_word' id='word_1_181' title='bbox 972 2327 1049 2385; x_wconf 92' lang='lat' dir='ltr'>quae</span> <span class='ocrx_word' id='word_1_182' title='bbox 1072 2309 1111 2368; x_wconf 86' lang='lat' dir='ltr'>ad</span> 
     </span>
     <span class='ocr_line' id='line_1_25' title="bbox 95 2388 1110 2478; baseline 0.001 -23"><span class='ocrx_word' id='word_1_183' title='bbox 95 2398 143 2456; x_wconf 89' lang='lat' dir='ltr'>ins</span> <span class='ocrx_word' id='word_1_184' title='bbox 162 2398 314 2472; x_wconf 86' lang='lat' dir='ltr'>pertinent</span> <span class='ocrx_word' id='word_1_185' title='bbox 332 2395 549 2473; x_wconf 86' lang='lat' dir='ltr'>significatione</span> <span class='ocrx_word' id='word_1_186' title='bbox 567 2399 681 2457; x_wconf 90' lang='lat' dir='ltr'>inserta</span> <span class='ocrx_word' id='word_1_187' title='bbox 695 2397 755 2456; x_wconf 88' lang='lat' dir='ltr'>sint</span> <span class='ocrx_word' id='word_1_188' title='bbox 770 2388 813 2478; x_wconf 89' lang='lat' dir='ltr'>(p.</span> <span class='ocrx_word' id='word_1_189' title='bbox 828 2399 902 2457; x_wconf 83' lang='grc'><strong>247.</strong></span> <span class='ocrx_word' id='word_1_190' title='bbox 919 2394 1006 2476; x_wconf 83' lang='grc'>252),</span> <span class='ocrx_word' id='word_1_191' title='bbox 1026 2397 1110 2456; x_wconf 88' lang='lat' dir='ltr'>deni·</span> 
     </span>
     <span class='ocr_line' id='line_1_26' title="bbox 96 2484 1111 2563; baseline 0.001 -18"><span class='ocrx_word' id='word_1_192' title='bbox 96 2505 154 2563; x_wconf 91' lang='lat' dir='ltr'>que</span> <span class='ocrx_word' id='word_1_193' title='bbox 172 2487 304 2561; x_wconf 88' lang='lat' dir='ltr'>plurima</span> <span class='ocrx_word' id='word_1_194' title='bbox 322 2486 491 2562; x_wconf 86' lang='lat' dir='ltr'>fragmenta</span> <span class='ocrx_word' id='word_1_195' title='bbox 504 2484 606 2544; x_wconf 87' lang='lat' dir='ltr'>Alfeni</span> <span class='ocrx_word' id='word_1_196' title='bbox 619 2485 694 2544; x_wconf 89' lang='lat' dir='ltr'>Vari</span> <span class='ocrx_word' id='word_1_197' title='bbox 712 2505 820 2545; x_wconf 92' lang='lat' dir='ltr'>nomen</span> <span class='ocrx_word' id='word_1_198' title='bbox 838 2504 910 2563; x_wconf 90' lang='lat' dir='ltr'>prae</span> <span class='ocrx_word' id='word_1_199' title='bbox 929 2504 961 2546; x_wconf 91' lang='lat' dir='ltr'>se</span> <span class='ocrx_word' id='word_1_200' title='bbox 979 2487 1111 2546; x_wconf 84' lang='lat' dir='ltr'>ferentia</span> 
     </span>
    </p>
   </div>
   <div class='ocr_carea' id='block_1_3' title="bbox 94 2568 1110 2655">
    <p class='ocr_par' dir='ltr' id='par_1_5' title="bbox 94 2568 1110 2655">
     <span class='ocr_line' id='line_1_27' title="bbox 94 2568 1110 2655; baseline 0.003 -23"><span class='ocrx_word' id='word_1_201' title='bbox 94 2595 149 2650; x_wconf 92' lang='lat' dir='ltr'>per</span> <span class='ocrx_word' id='word_1_202' title='bbox 171 2575 271 2635; x_wconf 86' lang='lat' dir='ltr'>varios</span> <span class='ocrx_word' id='word_1_203' title='bbox 288 2574 483 2650; x_wconf 85' lang='lat' dir='ltr'>Digestorum</span> <span class='ocrx_word' id='word_1_204' title='bbox 504 2575 597 2634; x_wconf 87' lang='lat' dir='ltr'>libros</span> <span class='ocrx_word' id='word_1_205' title='bbox 622 2575 757 2650; x_wconf 86' lang='lat' dir='ltr'>dispersa</span> <span class='ocrx_word' id='word_1_206' title='bbox 778 2575 920 2652; x_wconf 87' lang='lat' dir='ltr'>legantur</span> <span class='ocrx_word' id='word_1_207' title='bbox 941 2568 971 2655; x_wconf 89' lang='lat' dir='ltr'>(I</span> <span class='ocrx_word' id='word_1_208' title='bbox 988 2596 1017 2652; x_wconf 89' lang='lat' dir='ltr'>p.</span> <span class='ocrx_word' id='word_1_209' title='bbox 1032 2578 1110 2636; x_wconf 81' lang='grc'><strong>292.</strong></span> 
     </span>
    </p>
   </div>
   <div class='ocr_carea' id='block_1_4' title="bbox 94 2664 1111 3188">
    <p class='ocr_par' dir='ltr' id='par_1_6' title="bbox 94 2664 1111 3188">
     <span class='ocr_line' id='line_1_28' title="bbox 97 2664 1109 2726; baseline 0.004 -5"><span class='ocrx_word' id='word_1_210' title='bbox 97 2664 168 2724; x_wconf 87' lang='grc'><strong>293.</strong></span> <span class='ocrx_word' id='word_1_211' title='bbox 191 2667 262 2722; x_wconf 87' lang='grc'><strong>296.</strong></span> <span class='ocrx_word' id='word_1_212' title='bbox 284 2665 357 2723; x_wconf 88' lang='grc'><strong>300.</strong></span> <span class='ocrx_word' id='word_1_213' title='bbox 382 2664 454 2723; x_wconf 90' lang='grc'><strong>301.</strong></span> <span class='ocrx_word' id='word_1_214' title='bbox 474 2664 547 2724; x_wconf 89' lang='grc'><strong>302.</strong></span> <span class='ocrx_word' id='word_1_215' title='bbox 568 2665 641 2723; x_wconf 88' lang='grc'><strong>303.</strong></span> <span class='ocrx_word' id='word_1_216' title='bbox 662 2665 734 2724; x_wconf 85' lang='grc'><strong>305.</strong></span> <span class='ocrx_word' id='word_1_217' title='bbox 754 2666 826 2723; x_wconf 89' lang='grc'><strong>306.</strong></span> <span class='ocrx_word' id='word_1_218' title='bbox 848 2666 921 2723; x_wconf 84' lang='grc'><strong>307.</strong></span> <span class='ocrx_word' id='word_1_219' title='bbox 942 2666 1013 2724; x_wconf 90' lang='grc'><strong>308.</strong></span> <span class='ocrx_word' id='word_1_220' title='bbox 1034 2666 1109 2726; x_wconf 87' lang='lat'>310.</span> 
     </span>
     <span class='ocr_line' id='line_1_29' title="bbox 96 2753 1111 2814; baseline 0.001 -3"><span class='ocrx_word' id='word_1_221' title='bbox 96 2754 170 2811; x_wconf 88' lang='lat'><strong>311.</strong></span> <span class='ocrx_word' id='word_1_222' title='bbox 190 2754 263 2812; x_wconf 89' lang='grc'><strong>312.</strong></span> <span class='ocrx_word' id='word_1_223' title='bbox 284 2754 356 2812; x_wconf 90' lang='grc'><strong>314.</strong></span> <span class='ocrx_word' id='word_1_224' title='bbox 377 2753 449 2812; x_wconf 83' lang='grc'><strong>315.</strong></span> <span class='ocrx_word' id='word_1_225' title='bbox 471 2753 543 2812; x_wconf 88' lang='grc'><strong>316.</strong></span> <span class='ocrx_word' id='word_1_226' title='bbox 564 2754 637 2813; x_wconf 90' lang='grc'><strong>320.</strong></span> <span class='ocrx_word' id='word_1_227' title='bbox 658 2755 730 2812; x_wconf 94' lang='grc'><strong>321.</strong></span> <span class='ocrx_word' id='word_1_228' title='bbox 752 2755 823 2811; x_wconf 90' lang='grc'><strong>322.</strong></span> <span class='ocrx_word' id='word_1_229' title='bbox 847 2754 920 2812; x_wconf 88' lang='grc'><strong>323.</strong></span> <span class='ocrx_word' id='word_1_230' title='bbox 940 2754 1014 2812; x_wconf 88' lang='grc'><strong>324.</strong></span> <span class='ocrx_word' id='word_1_231' title='bbox 1034 2753 1111 2814; x_wconf 85' lang='grc'><strong>325.</strong></span> 
     </span>
     <span class='ocr_line' id='line_1_30' title="bbox 95 2834 1109 2920; baseline -0.001 -19"><span class='ocrx_word' id='word_1_232' title='bbox 95 2843 169 2901; x_wconf 83' lang='grc'><strong>327.</strong></span> <span class='ocrx_word' id='word_1_233' title='bbox 189 2834 284 2920; x_wconf 76' lang='grc'><strong>328);</strong></span> <span class='ocrx_word' id='word_1_234' title='bbox 306 2859 339 2899; x_wconf 93' lang='lat' dir='ltr'>re</span> <span class='ocrx_word' id='word_1_235' title='bbox 361 2859 433 2901; x_wconf 87' lang='lat' dir='ltr'>vera</span> <span class='ocrx_word' id='word_1_236' title='bbox 453 2839 486 2910; x_wconf 77' lang='lat' dir='ltr'>Q.</span> <span class='ocrx_word' id='word_1_237' title='bbox 505 2841 598 2900; x_wconf 89' lang='lat' dir='ltr'>Mucii</span> <span class='ocrx_word' id='word_1_238' title='bbox 617 2841 791 2915; x_wconf 90' lang='lat' dir='ltr'>sententiae,</span> <span class='ocrx_word' id='word_1_239' title='bbox 815 2845 849 2901; x_wconf 92' lang='lat' dir='ltr'>ut</span> <span class='ocrx_word' id='word_1_240' title='bbox 870 2841 1004 2901; x_wconf 88' lang='lat' dir='ltr'>conicere</span> <span class='ocrx_word' id='word_1_241' title='bbox 1022 2841 1109 2918; x_wconf 89' lang='lat' dir='ltr'>licet,</span> 
     </span>
     <span class='ocr_line' id='line_1_31' title="bbox 96 2920 1111 3011; baseline 0.002 -24"><span class='ocrx_word' id='word_1_242' title='bbox 96 2948 131 2988; x_wconf 84' lang='lat' dir='ltr'>ex</span> <span class='ocrx_word' id='word_1_243' title='bbox 153 2928 311 3004; x_wconf 91' lang='lat' dir='ltr'>Pomponii</span> <span class='ocrx_word' id='word_1_244' title='bbox 328 2920 380 3011; x_wconf 85' lang='lat' dir='ltr'>(cf.</span> <span class='ocrx_word' id='word_1_245' title='bbox 400 2928 415 2987; x_wconf 96' lang='lat' dir='ltr'>I</span> <span class='ocrx_word' id='word_1_246' title='bbox 434 2949 462 3004; x_wconf 92' lang='lat' dir='ltr'>p.</span> <span class='ocrx_word' id='word_1_247' title='bbox 483 2924 548 3010; x_wconf 86' lang='lat'>59),</span> <span class='ocrx_word' id='word_1_248' title='bbox 566 2929 648 2989; x_wconf 90' lang='lat' dir='ltr'>Aelii</span> <span class='ocrx_word' id='word_1_249' title='bbox 667 2929 755 3006; x_wconf 82' lang='lat' dir='ltr'>Galli,</span> <span class='ocrx_word' id='word_1_250' title='bbox 778 2933 814 2989; x_wconf 90' lang='lat' dir='ltr'>ut</span> <span class='ocrx_word' id='word_1_251' title='bbox 832 2930 959 3006; x_wconf 86' lang='lat' dir='ltr'>videtur,</span> <span class='ocrx_word' id='word_1_252' title='bbox 981 2947 1018 2988; x_wconf 83' lang='lat' dir='ltr'>ex</span> <span class='ocrx_word' id='word_1_253' title='bbox 1041 2929 1111 2989; x_wconf 81' lang='lat' dir='ltr'>Gaii</span> 
     </span>
     <span class='ocr_line' id='line_1_32' title="bbox 94 3009 1111 3099; baseline 0.003 -24"><span class='ocrx_word' id='word_1_254' title='bbox 94 3017 181 3077; x_wconf 90' lang='lat' dir='ltr'>libris</span> <span class='ocrx_word' id='word_1_255' title='bbox 211 3009 262 3099; x_wconf 88' lang='lat' dir='ltr'>(cf.</span> <span class='ocrx_word' id='word_1_256' title='bbox 285 3018 301 3074; x_wconf 94' lang='grc' dir='ltr'>Ι</span> <span class='ocrx_word' id='word_1_257' title='bbox 324 3038 352 3094; x_wconf 89' lang='lat' dir='ltr'>p.</span> <span class='ocrx_word' id='word_1_258' title='bbox 373 3010 465 3099; x_wconf 83' lang='lat'>246),</span> <span class='ocrx_word' id='word_1_259' title='bbox 497 3019 600 3077; x_wconf 89' lang='lat' dir='ltr'>Alfeni</span> <span class='ocrx_word' id='word_1_260' title='bbox 627 3019 701 3077; x_wconf 91' lang='lat' dir='ltr'>Vari</span> <span class='ocrx_word' id='word_1_261' title='bbox 734 3019 797 3078; x_wconf 90' lang='lat' dir='ltr'>sine</span> <span class='ocrx_word' id='word_1_262' title='bbox 832 3018 922 3078; x_wconf 88' lang='lat' dir='ltr'>dubio</span> <span class='ocrx_word' id='word_1_263' title='bbox 955 3038 991 3078; x_wconf 86' lang='lat' dir='ltr'>ex</span> <span class='ocrx_word' id='word_1_264' title='bbox 1019 3018 1111 3078; x_wconf 90' lang='lat' dir='ltr'>Pauli</span> 
     </span>
     <span class='ocr_line' id='line_1_33' title="bbox 95 3098 1110 3188; baseline 0.003 -24"><span class='ocrx_word' id='word_1_265' title='bbox 95 3107 228 3181; x_wconf 90' lang='lat' dir='ltr'>epitoma</span> <span class='ocrx_word' id='word_1_266' title='bbox 250 3107 363 3183; x_wconf 90' lang='lat' dir='ltr'>petitae</span> <span class='ocrx_word' id='word_1_267' title='bbox 387 3109 457 3166; x_wconf 89' lang='lat' dir='ltr'>sunt</span> <span class='ocrx_word' id='word_1_268' title='bbox 480 3098 531 3188; x_wconf 90' lang='lat' dir='ltr'>(cf.</span> <span class='ocrx_word' id='word_1_269' title='bbox 555 3108 653 3168; x_wconf 87' lang='grc'><strong>1289</strong></span> <span class='ocrx_word' id='word_1_270' title='bbox 679 3110 710 3166; x_wconf 92' lang='lat' dir='ltr'>et</span> <span class='ocrx_word' id='word_1_271' title='bbox 731 3128 760 3184; x_wconf 94' lang='lat' dir='ltr'>p.</span> <span class='ocrx_word' id='word_1_272' title='bbox 780 3109 842 3168; x_wconf 88' lang='grc'><strong>329</strong></span> <span class='ocrx_word' id='word_1_273' title='bbox 868 3102 1006 3167; x_wconf 75' lang='lat' dir='ltr'>‘Alfenus</span> <span class='ocrx_word' id='word_1_274' title='bbox 1030 3109 1110 3168; x_wconf 89' lang='lat' dir='ltr'>libro</span> 
     </span>
    </p>
   </div>
   <div class='ocr_carea' id='block_1_5' title="bbox 94 3188 1110 3452">
    <p class='ocr_par' dir='ltr' id='par_1_7' title="bbox 94 3188 1110 3452">
     <span class='ocr_line' id='line_1_34' title="bbox 95 3188 1110 3277; baseline 0.003 -25"><span class='ocrx_word' id='word_1_275' title='bbox 95 3195 190 3270; x_wconf 89' lang='lat' dir='ltr'>primo</span> <span class='ocrx_word' id='word_1_276' title='bbox 224 3188 502 3277; x_wconf 88' lang='lat' dir='ltr'>epitomarum’).</span> <span class='ocrx_word' id='word_1_277' title='bbox 551 3196 653 3274; x_wconf 90' lang='lat' dir='ltr'>itaque</span> <span class='ocrx_word' id='word_1_278' title='bbox 681 3197 825 3256; x_wconf 91' lang='lat' dir='ltr'>librorum</span> <span class='ocrx_word' id='word_1_279' title='bbox 856 3197 894 3256; x_wconf 86' lang='lat' dir='ltr'>ad</span> <span class='ocrx_word' id='word_1_280' title='bbox 923 3196 1036 3256; x_wconf 90' lang='lat' dir='ltr'>liberae</span> <span class='ocrx_word' id='word_1_281' title='bbox 1064 3198 1110 3256; x_wconf 91' lang='lat' dir='ltr'>rei</span> 
     </span>
     <span class='ocr_line' id='line_1_35' title="bbox 94 3283 1110 3363; baseline 0.004 -23"><span class='ocrx_word' id='word_1_282' title='bbox 94 3283 230 3358; x_wconf 91' lang='lat' dir='ltr'>publicae</span> <span class='ocrx_word' id='word_1_283' title='bbox 250 3287 380 3344; x_wconf 88' lang='lat' dir='ltr'>aetatem</span> <span class='ocrx_word' id='word_1_284' title='bbox 398 3285 612 3361; x_wconf 88' lang='lat' dir='ltr'>pertinentium</span> <span class='ocrx_word' id='word_1_285' title='bbox 631 3285 801 3363; x_wconf 89' lang='lat' dir='ltr'>fragmenta</span> <span class='ocrx_word' id='word_1_286' title='bbox 817 3285 976 3345; x_wconf 85' lang='lat' dir='ltr'>maximam</span> <span class='ocrx_word' id='word_1_287' title='bbox 990 3290 1110 3361; x_wconf 90' lang='lat' dir='ltr'>partem</span> 
     </span>
     <span class='ocr_line' id='line_1_36' title="bbox 94 3371 1110 3452; baseline 0.004 -22"><span class='ocrx_word' id='word_1_288' title='bbox 94 3371 181 3431; x_wconf 90' lang='lat' dir='ltr'>Pauli</span> <span class='ocrx_word' id='word_1_289' title='bbox 212 3374 261 3433; x_wconf 90' lang='lat' dir='ltr'>vel</span> <span class='ocrx_word' id='word_1_290' title='bbox 288 3373 412 3449; x_wconf 86' lang='lat' dir='ltr'>Ulpiani</span> <span class='ocrx_word' id='word_1_291' title='bbox 443 3373 528 3433; x_wconf 91' lang='lat' dir='ltr'>libris</span> <span class='ocrx_word' id='word_1_292' title='bbox 561 3373 720 3452; x_wconf 85' lang='lat' dir='ltr'>debentur,</span> <span class='ocrx_word' id='word_1_293' title='bbox 755 3393 829 3452; x_wconf 90' lang='lat' dir='ltr'>quos</span> <span class='ocrx_word' id='word_1_294' title='bbox 856 3394 916 3435; x_wconf 91' lang='lat' dir='ltr'>non</span> <span class='ocrx_word' id='word_1_295' title='bbox 948 3375 1037 3434; x_wconf 84' lang='lat' dir='ltr'>modo</span> <span class='ocrx_word' id='word_1_296' title='bbox 1070 3375 1110 3434; x_wconf 85' lang='lat' dir='ltr'>ad</span> 
     </span>
    </p>
   </div>
   <div class='ocr_carea' id='block_1_6' title="bbox 167 3558 712 3626">
    <p class='ocr_par' dir='ltr' id='par_1_8' title="bbox 167 3558 712 3626">
     <span class='ocr_line' id='line_1_37' title="bbox 167 3558 712 3626; baseline 0.004 -13"><span class='ocrx_word' id='word_1_297' title='bbox 167 3565 191 3616; x_wconf 91' lang='lat'>1.</span> <span class='ocrx_word' id='word_1_298' title='bbox 212 3558 252 3615; x_wconf 86' lang='lat' dir='ltr'>cf.</span> <span class='ocrx_word' id='word_1_299' title='bbox 271 3561 380 3616; x_wconf 88' lang='lat' dir='ltr'>Puchta</span> <span class='ocrx_word' id='word_1_300' title='bbox 397 3560 487 3616; x_wconf 87' lang='lat' dir='ltr'>Instit.</span> <span class='ocrx_word' id='word_1_301' title='bbox 506 3559 533 3613; x_wconf 91' lang='grc' dir='ltr'><strong><em>Π</em></strong></span> <span class='ocrx_word' id='word_1_302' title='bbox 552 3565 566 3626; x_wconf 70' lang='lat'>5</span> <span class='ocrx_word' id='word_1_303' title='bbox 585 3561 712 3618; x_wconf 78' lang='grc'><strong>289111.</strong></span> 
     </span>
    </p>
   </div>
   <div class='ocr_carea' id='block_1_7' title="bbox 0 0 1216 3976">
    <p class='ocr_par' dir='ltr' id='par_1_9' title="bbox 0 0 1216 3976">
     <span class='ocr_line' id='line_1_38' title="bbox 0 0 1216 3976; baseline 0 1"><span class='ocrx_word' id='word_1_304' title='bbox 0 0 1216 3976; x_wconf 95' lang='lat' dir='ltr'> </span> 
     </span>
    </p>
   </div>
  </div>
 </body>
</html>
