2422 3976
383 161 408 210 9.
427 153 578 210 chamus
598 153 750 209 SABINUS
1006 157 1072 221 253

57 341 134 386 eum
162 318 314 385 dominus
341 319 519 402 reciperare
547 339 611 382 non
636 319 751 402 possit,
780 318 946 403 multoque
969 321 1074 404 magis

56 409 153 474 illum
174 406 351 494 fugitivum
373 428 444 472 esse
468 407 524 490 qui
547 428 585 471 eo
608 429 643 472 se
667 406 825 490 conferat,
850 409 935 473 unde
958 409 1075 475 abduci

56 521 125 564 non
147 496 263 581 possit

151 586 204 652 16.
228 585 266 650 D.
280 586 392 665 ibide
409 584 460 651 15.
478 621 523 632 -
544 576 638 667 Apud
662 581 807 649 Caelium
831 585 988 669 scriptum
1012 591 1075 652 eet:

58 675 173 740 liberti
196 674 281 758 apud
299 677 473 758 patronum
491 673 671 738 habitantia
691 673 747 756 sie,
768 678 805 737 nt
824 675 883 738 sub
903 697 969 739 nna
987 675 1076 741 clave

58 769 134 830 tota
161 762 231 828 eius
253 763 413 828 habitatio
438 767 537 847 esset,
565 783 676 827 servus
700 785 739 826 ea
761 767 869 827 mente
892 785 933 826 ne
956 764 1077 830 rediret

59 853 102 918 ad
134 874 224 934 enm,
260 855 352 916 extra
383 852 619 916 habitationem
651 851 761 916 liberti
793 851 868 930 fuit,
901 851 957 915 sed
989 853 1077 918 intra

60 941 158 1008 aedes
181 941 321 1024 patroni,
345 945 377 1005 et
399 944 471 1005 tota
493 944 588 1005 nocte
612 939 755 1004 oblituit:
780 940 881 1004 videri
904 962 974 1005 esse
993 941 1076 1026 fugi·

59 1030 165 1096 tivum
186 1027 315 1096 Caelius
339 1031 394 1094 ait.
440 1030 535 1112 plane
559 1030 708 1093 sitalem
730 1029 910 1093 custodiam
930 1051 968 1094 ea
985 1030 1076 1095 habi·

59 1119 145 1185 tatio
169 1141 238 1184 non
260 1117 376 1183 habuit
399 1121 432 1182 et
454 1117 487 1182 in
512 1139 550 1182 ea
573 1116 655 1182 cella
677 1117 813 1182 libertus
831 1118 1003 1198 habitavit,
1026 1119 1078 1184 cui

60 1229 235 1273 commune
267 1211 299 1271 et
325 1207 546 1291 promiscuum
573 1207 716 1291 plurium
744 1207 899 1271 cellarum
926 1208 989 1271 iter
1016 1212 1078 1291 est,

60 1299 177 1363 eontra
199 1296 327 1381 placere
351 1295 467 1360 debere
491 1292 618 1360 Caelius
643 1297 691 1359 ait
714 1300 746 1359 et
768 1295 876 1360 Labeo
900 1297 1025 1381 probat.

150 1390 190 1450 cf.
208 1391 354 1451 Proculus
377 1389 414 1449 D.
430 1393 481 1467 21,
498 1392 526 1465 1,
542 1392 592 1466 lv,
607 1392 628 1448 4
643 1407 734 1465 supra
747 1410 776 1465 p.
793 1392 865 1450 108.

155 1493 205 1556 17.
234 1491 276 1558 D.
289 1491 401 1572 ibid.§
418 1491 468 1555 16.
492 1527 534 1538 -
558 1490 647 1554 Idem
671 1489 799 1556 Caelius
824 1492 870 1556 ait
892 1514 1020 1556 servum
1043 1493 1078 1556 in

61 1580 266 1666 provinciam
285 1581 421 1645 missum
441 1603 460 1644 a
479 1579 619 1662 domino,
642 1601 715 1644 cum
735 1602 807 1644 eum
826 1584 989 1645 mortuum
1008 1602 1079 1646 esse

61 1674 96 1734 et
113 1672 314 1734 testamento
335 1691 368 1733 se
386 1669 524 1733 liberam
544 1668 692 1732 relictum
711 1668 854 1733 audisset
873 1675 905 1733 et
919 1670 951 1733 in
967 1670 1079 1734 eodem

63 1757 173 1824 officio
205 1758 440 1842 permansisset
471 1761 661 1840 tantumque
690 1779 749 1840 pro
777 1758 877 1822 libero
907 1779 941 1822 se
969 1780 1079 1843 gerere

62 1847 236 1930 coepisset,
254 1846 340 1911 bunc
357 1869 424 1911 non
441 1867 512 1910 esse
533 1845 720 1930 fugitivum3
739 1867 793 1911 aec
810 1848 892 1911 caim
910 1849 1080 1913 mentiendo

63 1941 105 2002 se'
120 1935 261 2020 labarum,
283 1935 400 2019 inquit,
420 1934 572 2018 sopitione
594 1954 656 1999 esse
678 1937 781 2020 coepit,
803 1937 879 2018 peria
900 1938 968 2001 sine
987 1938 1081 2019 fepce

63 2025 194 2090 1011311111
216 2025 252 2089 id
269 2023 351 2104 fecit.

157 2113 208 2178 18.
231 2112 270 2177 D.
285 2114 337 2196 21,
355 2114 383 2197 1,
397 2112 449 2196 65,
464 2114 494 2177 2.
530 2111 707 2176 Venuleius
731 2113 815 2177 libro
838 2114 949 2197 quinto
970 2114 1080 2178 Aetio-

64 2224 144 2266 num
172 2197 224 2288 (P.
241 2197 287 2289 2).
310 2238 353 2248 -
377 2199 496 2266 Servus
524 2209 593 2265 tam
620 2206 784 2266 veterator
811 2224 907 2286 quam
935 2203 1081 2267 novicius

67 2290 131 2356 dici
155 2293 274 2374 potest.
311 2290 366 2354 sed
386 2293 601 2355 veteratorem
620 2312 687 2355 non
706 2291 812 2374 spatio
833 2290 1003 2375 serviendi,
1026 2290 1082 2355 sed

66 2400 186 2465 genere
215 2383 248 2443 et
275 2401 374 2444 causa
402 2379 638 2444 aestimandum
662 2377 790 2443 Caelius
818 2380 878 2463 ait;
905 2400 982 2442 nam
1011 2380 1081 2463 qui-

68 2489 208 2552 cumque
236 2489 275 2532 ex
303 2468 461 2534 venalicio
489 2468 689 2532 noviciorum
718 2472 845 2550 emptus
869 2466 966 2531 alicui
989 2468 1080 2531 mini·

68 2558 169 2623 sterio
187 2556 392 2641 praepositus
412 2557 465 2639 sit,
489 2558 600 2620 statim
619 2578 690 2620 enm
712 2560 930 2620 veteratorum
948 2577 1081 2622 numero

68 2668 152 2730 esse,
184 2646 345 2711 novicium
374 2649 481 2710 autem
510 2667 574 2710 non
602 2645 751 2710 tirocinio
780 2644 891 2728 animi,
924 2645 980 2709 sed
1008 2666 1082 2709 con-

69 2735 193 2800 dicione
231 2734 399 2799 servitutis
434 2733 590 2818 intellegi.
643 2755 702 2798 nec
739 2734 779 2797 ad
813 2754 882 2797 rem
913 2735 1082 2817 pertinere,

68 2823 185 2889 Latine
214 2825 297 2888 sciat
321 2844 458 2907 necne,
483 2822 560 2887 necl
584 2822 625 2886 ob
649 2823 682 2885 id
706 2826 919 2887 veteratorem
943 2845 1026 2907 esse,
1054 2826 1082 2888 si

67 2912 259 2977 liberalibus
283 2912 398 2976 studiis
422 2911 566 2976 eruditus
591 2912 643 2975 sit.

160 3001 211 3065 19.
245 2998 424 3083 Ge11.6‚4,
446 3001 539 3065 1-3.
570 3036 608 3047 -
638 2999 791 3064 Pilleatos
824 3022 934 3066 servos
966 3023 1083 3066 venum

70 3089 187 3154 solitos
215 3088 275 3170 ire,
305 3111 441 3172 quorum
466 3090 597 3153 nomine
620 3088 768 3153 venditor
790 3089 872 3152 nihil
895 3093 1084 3173 praestaret,

71 3175 366 3244 Caeliusssabinus
388 3178 469 3242 iuris
492 3178 615 3263 peritus
639 3177 794 3261 scriptum
818 3179 957 3263 reliquit.
993 3177 1082 3241 cuius

70 3268 117 3332 rei
135 3288 268 3333 causam
282 3288 352 3331 esse
367 3267 423 3351 ait,
438 3267 522 3351 quod
540 3267 696 3331 eiusmodi
711 3266 908 3331 condicionis
923 3265 1084 3348 mancipia

71 3354 212 3442 insignia
230 3376 302 3420 esse
319 3355 354 3419 in
373 3356 541 3421 vendundo
561 3356 724 3440 deberent,
741 3360 778 3420 ut
797 3359 958 3439 emptores
977 3375 1084 3418 errare

143 3535 158 3584 1
178 3530 226 3585 Fl.
245 3544 320 3584 nam.
