2422 3976
104 178 168 243 142
183 177 474 235 mainsendem
481 177 617 234 NERON.
628 176 770 234 ostatu
781 176 889 236 ΤΕΜΡ.
899 177 996 234 lutus
1007 178 1105 236 (lONS⁴

514 358 565 425 De
587 360 702 442 tepetis.

302 488 416 564 chatu
438 491 677 564 quemadmodum
698 490 909 564 reuocatum.

191 607 242 674 12.
270 607 309 673 D.
324 608 375 689 29,
390 609 420 694 7,
435 608 533 693 14pr.
579 605 735 674 Scaevola
761 609 847 673 libro
872 611 988 675 octavo
1012 607 1105 686 Quae

102 697 245 763 stionum
264 695 313 777 (Ρ.
329 696 415 784 160).
436 732 479 744 -—
499 695 636 772 Quidam
655 697 807 779 referunt,
826 700 981 783 quantum
1001 702 1105 782 repet(

101 785 186 872 apud
209 784 394 864 Vivianum,
417 784 529 852 Sabini
551 789 585 850 et
603 783 707 851 Oassii
730 791 763 851 et
782 785 909 852 Proculi
932 786 1105 870 expositam

100 896 170 940 esse
188 875 223 940 in
242 875 429 960 quaestione
448 874 632 939 huiusmodi
652 875 917 940 controversiam:
937 897 979 940 an
995 875 1105 960 legata

100 985 181 1049 quae
209 968 420 1049 posteaquam
448 963 591 1028 instituti
618 968 757 1029 mortem
783 962 933 1028 obierunt
955 963 1105 1030 codicillis

100 1053 265 1136 adscripta
292 1053 344 1118 vel
371 1052 522 1136 adempta
550 1056 637 1136 sunt,
666 1075 685 1116 a
713 1051 900 1117 substitutis
926 1052 1105 1136 debeantur

99 1142 131 1206 id
151 1146 200 1206 est
220 1140 410 1225 superinde
429 1141 518 1206 datio
538 1145 570 1205 et
590 1140 754 1224 ademptio
773 1140 872 1205 etiam
890 1140 952 1206 hoo
966 1144 1105 1225 tempor<

99 1229 255 1296 codicillis
287 1229 374 1295 facta
406 1230 515 1295 valeat
546 1251 583 1294 ac
616 1230 644 1293 si
676 1232 873 1294 testamento
903 1229 991 1294 facta
1020 1233 1105 1295 esset

99 1318 183 1406 quod
211 1318 367 1384 Sabinum
394 1323 427 1384 et
450 1316 598 1383 Cassium
626 1317 829 1402 respondisse
858 1318 950 1383 aiunt
971 1316 1105 1384 Procul<

98 1408 317 1473 dissentiente.

188 1519 332 1579 Scaevola
363 1517 458 1578 addit:
492 1512 559 1596 ‘ego
587 1565 621 1578 ..
654 1519 751 1578 ausim
783 1518 962 1578 sententiam
990 1518 1105 1580 Proculi

98 1608 286 1669 verissimam
318 1607 424 1667 dicere.
472 1607 586 1666 nullius
615 1607 694 1666 euim
721 1607 864 1667 momenti
891 1609 939 1666 est
965 1607 1105 1685 legatum

98 1696 178 1775 quod
207 1695 312 1756 datum
340 1698 386 1755 est
413 1695 455 1772 ei,
486 1697 538 1773 qui
565 1698 700 1772 tempore
727 1695 933 1756 codicillorum
959 1695 992 1754 in
1021 1697 1105 1757 rebus

97 1783 237 1844 humanis
259 1804 320 1845 uon
342 1787 396 1859 est,
419 1784 491 1843 licet
513 1785 688 1844 testamenti
709 1785 816 1862 fuerit3
839 1803 903 1844 esse
922 1784 1001 1843 enim
1021 1785 1105 1845 debet

97 1874 146 1934 cui
169 1874 270 1952 detur,
294 1872 398 1933 deinde
422 1873 464 1932 sic
487 1873 602 1952 quaeri,
626 1892 664 1933 an
687 1874 790 1933 datum
813 1873 967 1951 consistat,
992 1876 1105 1934 utnon

97 1965 167 2022 aute
190 1962 266 2022 iuris
288 1962 366 2022 ratic
391 1981 480 2039 quam
502 1981 630 2039 persona
653 1961 822 2039 quaerenda
846 1962 894 2022 sit.
935 1962 966 2021 et
987 1962 1021 2021 in
1043 1982 1105 2039 pro·

96 2052 195 2129 posito
219 2051 315 2130 igitur
337 2050 418 2128 quod
439 2053 507 2126 post
530 2051 645 2111 obitum
668 2051 787 2111 heredis
811 2050 955 2110 codicillis
973 2050 1105 2129 legatum

97 2140 144 2201 vel
172 2141 346 2217 ademptum
373 2143 431 2213 est,
458 2140 571 2199 nullius
597 2139 740 2199 momenti
764 2142 823 2216 est,
850 2139 921 2217 quia
943 2139 1044 2219 heres,
1072 2138 1105 2200 ad

97 2248 186 2305 quem
207 2248 372 2289 sermonem
391 2229 534 2305 conferat,
556 2224 589 2287 in
606 2229 695 2288 rebus
714 2224 853 2287 humanis
870 2246 929 2287 non
949 2231 996 2287 est
1015 2247 1105 2307 eaque

96 2317 247 2395 ademptio
271 2321 302 2378 et
325 2318 407 2378 datio
429 2337 508 2377 nunc
532 2336 611 2377 vana
633 2312 800 2377 efficietur?

188 2421 237 2486 13.
271 2418 341 2485 Gai.
360 2419 392 2504 2,
408 2419 484 2484 244.
515 2455 551 2466 -
583 2418 636 2482 An
669 2419 698 2482 ei
729 2419 784 2502 qui
811 2419 847 2481 in
873 2422 1038 2503 potestate
1067 2419 1105 2484 sit

98 2510 167 2575 eius
196 2531 292 2594 quem
318 2508 468 2573 heredem
492 2506 708 2591 instituimus,
735 2510 822 2572 recte
844 2507 989 2592 legemus
1016 2531 1105 2592 quse·

95 2599 177 2663 ritur
269 2598 412 2662 diversae
437 2596 566 2660 scholae
590 2605 738 2661 auctores
762 2617 822 2661 nec
841 2596 900 2660 sub
921 2597 1105 2663 condicione

95 2692 182 2751 recte
207 2686 319 2770 legari,
343 2687 417 2769 quia
440 2706 520 2767 quos
543 2685 578 2749 in
601 2688 764 2769 potestate
784 2685 953 2769 habemus,
976 2686 1025 2750 eis
1043 2708 1105 2752 nou

95 2776 200 2859 magis
226 2775 285 2839 sub
310 2773 495 2838 condicione
520 2796 618 2857 quam
640 2795 719 2857 pure
743 2772 857 2838 debere
880 2794 1065 2857 possumus.

386 2949 437 3017 Dc
459 2953 626 3034 lepctmum
645 2951 813 3033 peceribus.

376 3073 419 3128 Dc
437 3074 523 3142 deputo
540 3089 590 3141 per
607 3073 827 3128 medicationem.

185 3182 235 3246 14.
255 3180 553 3266 amaneu-111
571 3204 608 3247 eo
625 3182 693 3247 solo
709 3181 907 3246 dissentiunt
920 3182 1105 3266 prudentes¹

95 3270 179 3353 quod
199 3269 338 3336 Sabinus
362 3271 490 3356 quidem
514 3275 546 3335 et
564 3269 695 3336 Cassius
786 3270 870 3354 quod
893 3271 941 3334 ita
961 3271 1105 3357 legatum

95 3360 138 3424 sit
157 3356 216 3445 (sc.
231 3382 289 3443 per
307 3356 583 3446 vindicationem),
607 3360 716 3424 statim
740 3362 816 3443 post
840 3358 963 3423 aditam
982 3361 1105 3426 heredi·

93 3451 195 3512 tatem
210 3452 326 3532 putant
340 3449 408 3512 fieri
422 3449 581 3532 legatarii,
596 3448 722 3512 etiamsi
737 3450 866 3532 ignoret
880 3448 943 3512 sibi
958 3449 1106 3535 legatum

94 3558 178 3621 esse,
206 3537 261 3602 sed
289 3541 501 3623 posteaquam
530 3537 638 3601 scierit
666 3540 698 3600 et
725 3536 925 3621 (spreverit)
951 3538 1105 3625 legatum¹
