2422 3976
91 126 156 191 338
193 126 226 182 V.
245 125 394 181 NERVAE
412 124 458 180 ΕΤ
477 124 628 180 TRAIANI
647 125 755 181 ΤΕΜΡ.
773 124 870 182 IURIS
890 123 1071 182 consunrl

93 294 143 355 est
174 290 279 373 primo
308 289 379 354 loco
408 287 566 371 Stichum,
598 289 738 355 secundo
766 311 838 353 eum
866 288 917 354 cui
945 310 984 355 ex
1012 288 1102 354 fidei·

95 377 260 444 commissi
283 399 380 443 66666
402 378 585 442 libertatem
609 377 714 461 debet,
735 378 872 443 liberum
895 381 930 442 et
950 377 1102 443 heredem

96 467 287 549 instituerit,
318 465 471 532 Neratius
502 467 640 532 secundo
668 467 739 532 loco
768 467 924 551 scriptum
950 466 1102 533 herodem

95 555 165 620 fore
193 557 252 640 ait,
279 554 353 639 quia
381 576 447 619 non
474 555 601 620 videtur
628 555 822 621 creditorum
848 555 1100 622 fraudandorum

92 665 189 709 causa
212 665 438 709 manumissus.

181 753 244 816 aaa.
263 756 379 827 2154.
417 749 436 816 ἵ
451 803 457 816 .
473 755 526 832 qui
547 756 710 815 facultates
733 774 803 816 suas
828 759 983 833 suspectas
1002 757 1098 836 babet,

95 843 174 904 solet
197 862 318 904 servum
341 864 428 904 suum
446 845 542 920 primo
561 847 615 902 aut
634 844 762 905 secundo
780 845 830 904 vel
848 846 940 905 ctiam
958 845 1097 905 ulteriore

93 933 191 1081 gfragrlr
217 932 346 1080 libfflim
373 929 459 1010 <esse
487 928 613 1011 iubare>
640 937 671 993 et
696 933 836 993 heredem
863 933 1024 994 instituere
1038 979 1045 992 .
1058 979 1065 993 .
1078 927 1095 991 .'

92 1040 127 1082 c.
187 1041 215 1097 p.
233 1025 295 1101 1,4
320 1067 326 1080 .

183 1124 212 1188 2.
241 1122 280 1188 Ι).
295 1123 347 1201 28,
362 1121 437 1208 5,9,
452 1123 503 1186 14.
549 1120 706 1207 Ulpianus
733 1122 818 1187 libro
842 1123 956 1206 quinto
981 1123 1022 1188 ad
1045 1121 1092 1188 Sa·

93 1211 206 1277 binum
234 1209 284 1299 (P.
304 1211 413 1295 24114).
441 1246 484 1258 -
517 1209 551 1275 Si
584 1212 656 1295 quis
684 1211 731 1274 ita
760 1209 927 1294 scripserit
959 1209 1092 1277 ‘Stichus

95 1301 177 1365 liber
195 1306 265 1365 esto
285 1306 326 1383 61,
344 1303 554 1384 posteaquam
575 1300 657 1364 liber
675 1299 746 1383 erit,
764 1299 857 1363 heres
872 1300 965 1385 esto','
984 1299 1090 1379 Labeo,

94 1387 248 1454 Neratius
281 1392 314 1452 et
341 1389 451 1454 Aristo
484 1387 656 1472 opinantur
686 1386 829 1452 detracto
861 1389 962 1454 verbo
995 1388 1088 1454 medio

95 1475 232 1562 ‘postea'
262 1477 357 1543 simul
388 1478 418 1542 ei
446 1480 478 1541 et
504 1477 688 1541 libertatem
716 1481 749 1540 61
776 1476 990 1543 hereditatem
1016 1497 1086 1542 oon·

93 1570 210 1649 petere.

502 1704 552 1771 De
574 1707 688 1790 leontis.

392 1834 438 1895 De
460 1836 619 1910 lecatorum
633 1837 797 1911 ¹oenenbns.
813 1892 816 1901 ,

370 1952 414 2007 Dc
432 1953 519 2022 tcpcto
532 1969 584 2022 per
601 1953 819 2008 vindicationem.

184 2046 214 2110 3.
237 2041 353 2127 (1612,
368 2043 440 2109 195.
463 2079 506 2090 -
531 2095 538 2108 .
553 2095 560 2109 .
575 2095 582 2108 .
597 2042 705 2109 Nerva
721 2094 727 2108 .
742 2095 749 2109 .
764 2049 797 2109 et
814 2043 972 2112 Proculus
991 2042 1084 2111 ceteri·

95 2155 157 2219 que
194 2133 281 2197 illius
319 2132 448 2197 scholae
480 2136 626 2197 auctores
658 2155 724 2198 non
757 2133 850 2198 aliter
882 2139 1000 2219 putant
1029 2152 1084 2198 ren

95 2222 245 2308 legatarii
267 2221 352 2303 fieri,
380 2243 477 2305 quam
501 2222 528 2286 si
551 2222 691 2287 voluerit
714 2243 784 2286 eam
808 2223 847 2287 ad
873 2245 906 2288 se
930 2225 1086 2310 pertinere.

374 2395 418 2450 De
436 2396 522 2465 {epoto
536 2412 588 2464 per
606 2397 815 2451 damnationem.

180 2489 210 2551 4.
235 2486 272 2550 D.
287 2487 339 2569 31,
354 2486 405 2568 67,
420 2487 449 2551 8.
489 2485 578 2551 Idem
599 2484 656 2571 (sc.
675 2485 888 2574 Papinianus)
905 2489 991 2555 libro
1014 2507 1088 2556 nono

94 2576 216 2639 decimo
236 2575 468 2651 Quaestionum
492 2572 540 2660 (P.
554 2573 644 2662 288).
666 2613 710 2623 -
734 2575 767 2640 Si
793 2599 859 2640 rem
881 2583 982 2664 tuam,
1004 2598 1088 2664 quau

95 2664 318 2728 existimabam
347 2685 464 2744 meam,
492 2667 525 2727 te
552 2665 668 2728 herede
695 2666 846 2729 instituto
871 2665 960 2732 Titio
987 2668 1089 2751 legem,

93 2774 159 2815 non
193 2757 242 2815 est
273 2750 399 2816 Neratii
431 2752 535 2816 Prisci
567 2754 744 2818 sententiae
778 2774 837 2818 neo
874 2754 1089 2821 constitutioni

93 2838 151 2925 (sc.
171 2839 236 2903 divi
255 2839 317 2915 Pii)
340 2841 439 2924 locus,
463 2862 526 2926 qua
550 2848 694 2920 cavetur,
716 2864 782 2907 non
805 2844 987 2926 cogendum
1010 2865 1089 2930 prae·

93 2933 177 2992 stare
201 2928 345 3012 legatum
368 2929 525 2994 heredem.

183 3038 247 3100 Gai.
269 3044 297 3116 2,
317 3043 390 3101 202.
436 3036 477 3100 ἶ.
497 3060 590 3117 eoque
622 3061 729 3119 genere
761 3045 855 3122 legati
883 3045 977 3105 etiam
1004 3046 1090 3105 alicua

93 3145 141 3185 res
166 3128 261 3204 legari
282 3123 401 3204 potest'
447 3130 470 3188 Ι.
486 3132 513 3201 2,
532 3133 581 3201 20,
596 3132 625 3188 4.
658 3126 677 3189 ‘.
693 3179 698 3190 .
715 3179 721 3191 .
737 3133 815 3209 quod
830 3176 837 3192 .
853 3178 859 3191 .
875 3133 1005 3196 diximus
1027 3133 1089 3193 alia

94 3235 163 3273 nam
186 3236 250 3275 rem
272 3235 359 3292 posse
377 3217 481 3294 legari,
504 3219 548 3276 ita
566 3219 800 3296 intellegendum
819 3225 874 3299 ost,
898 3224 924 3283 si
943 3225 1090 3288 defunctus

94 3304 206 3362 sciebat
233 3305 361 3363 alienam
388 3325 451 3364 rem
479 3324 558 3382 esse,
585 3326 645 3367 non
672 3312 702 3366 et
725 3309 751 3367 si
773 3311 947 3391 ignorabam
974 3311 1089 3373 forsitan

94 3392 181 3469 enim,
205 3393 230 3450 si
254 3393 358 3453 scisset
381 3394 516 3474 alienam,
537 3416 596 3456 uon
618 3397 759 3474 legasset.
799 3400 830 3457 et
851 3399 896 3460 ita
919 3402 1006 3464 divus
1027 3399 1089 3460 Pius

92 3475 266 3556 rescripsit?
