<?xml version="1.0" encoding="UTF-8"?>
<!DOCTYPE html PUBLIC "-//W3C//DTD XHTML 1.0 Transitional//EN"
    "http://www.w3.org/TR/xhtml1/DTD/xhtml1-transitional.dtd">
<html xmlns="http://www.w3.org/1999/xhtml" xml:lang="en" lang="en">
 <head>
  <title>
</title>
<meta http-equiv="Content-Type" content="text/html;charset=utf-8" />
  <meta name='ocr-system' content='tesseract 3.04.00' />
  <meta name='ocr-capabilities' content='ocr_page ocr_carea ocr_par ocr_line ocrx_word'/>
</head>
<body>
  <div class='ocr_page' id='page_1' title='image "./iurisprudentiae01bremgoog_0588.png"; bbox 0 0 2422 3976; ppageno 0'>
   <div class='ocr_carea' id='block_1_1' title="bbox 191 206 1108 272">
    <p class='ocr_par' dir='ltr' id='par_1_1' title="bbox 191 206 1108 272">
     <span class='ocr_line' id='line_1_1' title="bbox 191 206 1108 272; baseline 0.013 -12"><span class='ocrx_word' id='word_1_1' title='bbox 191 256 194 260; x_wconf 88' lang='lat'><strong>.</strong></span> <span class='ocrx_word' id='word_1_2' title='bbox 238 206 530 264; x_wconf 76' lang='lat' dir='ltr'>11.1NcnRTORUM</span> <span class='ocrx_word' id='word_1_3' title='bbox 549 206 777 262; x_wconf 79' lang='lat' dir='ltr'>SENTENTIAE</span> <span class='ocrx_word' id='word_1_4' title='bbox 796 208 843 263; x_wconf 85' lang='grc' dir='ltr'>ΕΤ</span> <span class='ocrx_word' id='word_1_5' title='bbox 862 207 967 264; x_wconf 84' lang='lat' dir='ltr'>LIBRI.</span> <span class='ocrx_word' id='word_1_6' title='bbox 1040 208 1108 272; x_wconf 80' lang='lat'>553</span> 
     </span>
    </p>
   </div>
   <div class='ocr_carea' id='block_1_2' title="bbox 99 366 1107 544">
    <p class='ocr_par' dir='ltr' id='par_1_2' title="bbox 99 366 1107 544">
     <span class='ocr_line' id='line_1_2' title="bbox 191 366 1107 458; baseline 0 -23"><span class='ocrx_word' id='word_1_7' title='bbox 191 369 264 436; x_wconf 90' lang='grc'><strong>115.</strong></span> <span class='ocrx_word' id='word_1_8' title='bbox 292 369 330 435; x_wconf 89' lang='lat' dir='ltr'>D.</span> <span class='ocrx_word' id='word_1_9' title='bbox 350 369 408 455; x_wconf 89' lang='grc'>50,</span> <span class='ocrx_word' id='word_1_10' title='bbox 426 369 481 452; x_wconf 89' lang='lat'>16,</span> <span class='ocrx_word' id='word_1_11' title='bbox 499 370 578 453; x_wconf 78' lang='lat'>234,</span> <span class='ocrx_word' id='word_1_12' title='bbox 596 372 627 436; x_wconf 84' lang='lat'>2.</span> <span class='ocrx_word' id='word_1_13' title='bbox 668 369 758 434; x_wconf 82' lang='lat' dir='ltr'><strong>Idem</strong></span> <span class='ocrx_word' id='word_1_14' title='bbox 791 367 848 458; x_wconf 91' lang='lat' dir='ltr'>(sc.</span> <span class='ocrx_word' id='word_1_15' title='bbox 879 366 993 455; x_wconf 86' lang='lat' dir='ltr'>Gaius)</span> <span class='ocrx_word' id='word_1_16' title='bbox 1022 370 1107 435; x_wconf 93' lang='lat' dir='ltr'>lihro</span> 
     </span>
     <span class='ocr_line' id='line_1_3' title="bbox 99 457 1105 544; baseline 0 -20"><span class='ocrx_word' id='word_1_17' title='bbox 99 457 241 524; x_wconf 83' lang='lat' dir='ltr'>secundo</span> <span class='ocrx_word' id='word_1_18' title='bbox 274 458 315 523; x_wconf 88' lang='lat' dir='ltr'>ad</span> <span class='ocrx_word' id='word_1_19' title='bbox 347 459 452 544; x_wconf 82' lang='lat' dir='ltr'>legem</span> <span class='ocrx_word' id='word_1_20' title='bbox 485 459 651 524; x_wconf 78' lang='lat' dir='ltr'>duodecim</span> <span class='ocrx_word' id='word_1_21' title='bbox 681 459 874 524; x_wconf 86' lang='lat' dir='ltr'>tabularum.</span> <span class='ocrx_word' id='word_1_22' title='bbox 900 496 938 506; x_wconf 89' lang='lat'>—</span> <span class='ocrx_word' id='word_1_23' title='bbox 963 458 1105 524; x_wconf 87' lang='lat' dir='ltr'><strong>Verbum</strong></span> 
     </span>
    </p>
   </div>
   <div class='ocr_carea' id='block_1_3' title="bbox 101 545 885 735">
    <p class='ocr_par' dir='ltr' id='par_1_3' title="bbox 101 545 885 735">
     <span class='ocr_line' id='line_1_4' title="bbox 101 545 885 632; baseline -0.001 -19"><span class='ocrx_word' id='word_1_24' title='bbox 101 548 211 613; x_wconf 82' lang='lat' dir='ltr'>vivere</span> <span class='ocrx_word' id='word_1_25' title='bbox 233 545 363 632; x_wconf 89' lang='lat' dir='ltr'>quidam</span> <span class='ocrx_word' id='word_1_26' title='bbox 384 551 502 632; x_wconf 85' lang='lat' dir='ltr'>putant</span> <span class='ocrx_word' id='word_1_27' title='bbox 525 548 564 612; x_wconf 88' lang='lat' dir='ltr'>ad</span> <span class='ocrx_word' id='word_1_28' title='bbox 588 548 695 612; x_wconf 92' lang='lat' dir='ltr'>cibum</span> <span class='ocrx_word' id='word_1_29' title='bbox 717 548 885 631; x_wconf 88' lang='lat' dir='ltr'>pertinere.</span> 
     </span>
     <span class='ocr_line' id='line_1_5' title="bbox 186 659 400 735; baseline 0 -17"><span class='ocrx_word' id='word_1_30' title='bbox 186 659 400 735; x_wconf 59' lang='lat' dir='ltr'>alama</span> 
     </span>
    </p>
   </div>
   <div class='ocr_carea' id='block_1_4' title="bbox 192 818 1106 1012">
    <p class='ocr_par' dir='ltr' id='par_1_4' title="bbox 192 818 1106 1012">
     <span class='ocr_line' id='line_1_6' title="bbox 403 818 797 892; baseline 0.003 -15"><span class='ocrx_word' id='word_1_31' title='bbox 403 819 451 877; x_wconf 86' lang='lat' dir='ltr'>Dc</span> <span class='ocrx_word' id='word_1_32' title='bbox 472 819 635 878; x_wconf 78' lang='lat' dir='ltr'>hereditatis</span> <span class='ocrx_word' id='word_1_33' title='bbox 651 818 797 892; x_wconf 76' lang='lat' dir='ltr'>petitione.</span> 
     </span>
     <span class='ocr_line' id='line_1_7' title="bbox 192 926 1106 1012; baseline 0.001 -20"><span class='ocrx_word' id='word_1_34' title='bbox 192 927 265 994; x_wconf 89' lang='lat'>116.</span> <span class='ocrx_word' id='word_1_35' title='bbox 293 927 332 992; x_wconf 89' lang='lat' dir='ltr'>D.</span> <span class='ocrx_word' id='word_1_36' title='bbox 351 927 382 1012; x_wconf 83' lang='lat'>5,</span> <span class='ocrx_word' id='word_1_37' title='bbox 400 927 429 1008; x_wconf 86' lang='lat'>3,</span> <span class='ocrx_word' id='word_1_38' title='bbox 447 928 500 993; x_wconf 89' lang='grc'>43.</span> <span class='ocrx_word' id='word_1_39' title='bbox 536 927 655 992; x_wconf 89' lang='lat' dir='ltr'>Paulus</span> <span class='ocrx_word' id='word_1_40' title='bbox 678 928 762 992; x_wconf 94' lang='lat' dir='ltr'>libro</span> <span class='ocrx_word' id='word_1_41' title='bbox 786 928 924 993; x_wconf 86' lang='lat' dir='ltr'>secundo</span> <span class='ocrx_word' id='word_1_42' title='bbox 949 928 988 992; x_wconf 89' lang='lat' dir='ltr'>ad</span> <span class='ocrx_word' id='word_1_43' title='bbox 1011 926 1106 993; x_wconf 89' lang='lat' dir='ltr'>Plau-</span> 
     </span>
    </p>
   </div>
   <div class='ocr_carea' id='block_1_5' title="bbox 97 1014 1199 1100">
    <p class='ocr_par' dir='ltr' id='par_1_5' title="bbox 97 1014 1199 1100">
     <span class='ocr_line' id='line_1_8' title="bbox 97 1014 1199 1100; baseline -0.002 -18"><span class='ocrx_word' id='word_1_44' title='bbox 97 1017 192 1082; x_wconf 89' lang='lat' dir='ltr'>tium.</span> <span class='ocrx_word' id='word_1_45' title='bbox 216 1052 259 1062; x_wconf 95' lang='lat'><em>-</em></span> <span class='ocrx_word' id='word_1_46' title='bbox 283 1014 461 1100; x_wconf 87' lang='lat' dir='ltr'>Postquam</span> <span class='ocrx_word' id='word_1_47' title='bbox 484 1017 627 1100; x_wconf 82' lang='lat' dir='ltr'>legatum</span> <span class='ocrx_word' id='word_1_48' title='bbox 651 1038 670 1080; x_wconf 88' lang='lat' dir='ltr'>a</span> <span class='ocrx_word' id='word_1_49' title='bbox 692 1020 724 1080; x_wconf 91' lang='lat' dir='ltr'>te</span> <span class='ocrx_word' id='word_1_50' title='bbox 748 1017 870 1100; x_wconf 86' lang='lat' dir='ltr'>accepi,</span> <span class='ocrx_word' id='word_1_51' title='bbox 898 1017 1106 1081; x_wconf 74' lang='lat' dir='ltr'>hereditatem</span> <span class='ocrx_word' id='word_1_52' title='bbox 1195 1084 1199 1090; x_wconf 72' lang='grc'>,</span> 
     </span>
    </p>
   </div>
   <div class='ocr_carea' id='block_1_6' title="bbox 95 1104 1117 1720">
    <p class='ocr_par' dir='ltr' id='par_1_6' title="bbox 95 1104 1108 1347">
     <span class='ocr_line' id='line_1_9' title="bbox 96 1104 1108 1190; baseline 0 -20"><span class='ocrx_word' id='word_1_53' title='bbox 96 1108 185 1190; x_wconf 82' lang='lat' dir='ltr'>peto.</span> <span class='ocrx_word' id='word_1_54' title='bbox 241 1104 414 1169; x_wconf 86' lang='lat' dir='ltr'>Atilicinus</span> <span class='ocrx_word' id='word_1_55' title='bbox 445 1105 634 1188; x_wconf 90' lang='lat' dir='ltr'>quibusdam</span> <span class='ocrx_word' id='word_1_56' title='bbox 661 1104 820 1188; x_wconf 84' lang='lat' dir='ltr'>placuisse</span> <span class='ocrx_word' id='word_1_57' title='bbox 849 1106 895 1170; x_wconf 86' lang='lat' dir='ltr'>ait</span> <span class='ocrx_word' id='word_1_58' title='bbox 922 1127 985 1170; x_wconf 93' lang='lat' dir='ltr'>non</span> <span class='ocrx_word' id='word_1_59' title='bbox 1014 1105 1108 1170; x_wconf 83' lang='lat' dir='ltr'>aliter</span> 
     </span>
     <span class='ocr_line' id='line_1_10' title="bbox 96 1192 1107 1278; baseline -0.002 -19"><span class='ocrx_word' id='word_1_60' title='bbox 96 1193 180 1259; x_wconf 87' lang='lat' dir='ltr'>mihi</span> <span class='ocrx_word' id='word_1_61' title='bbox 199 1193 351 1258; x_wconf 84' lang='lat' dir='ltr'>adversus</span> <span class='ocrx_word' id='word_1_62' title='bbox 371 1199 403 1257; x_wconf 90' lang='lat' dir='ltr'>te</span> <span class='ocrx_word' id='word_1_63' title='bbox 422 1192 559 1257; x_wconf 85' lang='lat' dir='ltr'>dandam</span> <span class='ocrx_word' id='word_1_64' title='bbox 578 1192 777 1278; x_wconf 78' lang='lat' dir='ltr'>petitionem,</span> <span class='ocrx_word' id='word_1_65' title='bbox 797 1216 892 1277; x_wconf 90' lang='lat' dir='ltr'>quam</span> <span class='ocrx_word' id='word_1_66' title='bbox 913 1194 940 1258; x_wconf 92' lang='lat' dir='ltr'>si</span> <span class='ocrx_word' id='word_1_67' title='bbox 961 1193 1107 1277; x_wconf 82' lang='lat' dir='ltr'>legatum</span> 
     </span>
     <span class='ocr_line' id='line_1_11' title="bbox 95 1281 274 1347; baseline -0.006 0"><span class='ocrx_word' id='word_1_68' title='bbox 95 1281 274 1347; x_wconf 88' lang='lat' dir='ltr'>redderem.</span> 
     </span>
    </p>

    <p class='ocr_par' dir='ltr' id='par_1_7' title="bbox 95 1366 1117 1720">
     <span class='ocr_line' id='line_1_12' title="bbox 190 1366 1108 1457; baseline 0.001 -23"><span class='ocrx_word' id='word_1_69' title='bbox 190 1369 263 1436; x_wconf 76' lang='lat'>117.</span> <span class='ocrx_word' id='word_1_70' title='bbox 291 1369 329 1434; x_wconf 93' lang='lat' dir='ltr'>D.</span> <span class='ocrx_word' id='word_1_71' title='bbox 349 1368 436 1454; x_wconf 89' lang='grc'>5,3,</span> <span class='ocrx_word' id='word_1_72' title='bbox 460 1369 514 1452; x_wconf 89' lang='grc'><strong>13,</strong></span> <span class='ocrx_word' id='word_1_73' title='bbox 534 1370 562 1434; x_wconf 91' lang='grc'>8.</span> <span class='ocrx_word' id='word_1_74' title='bbox 603 1368 692 1433; x_wconf 84' lang='lat' dir='ltr'>Idem</span> <span class='ocrx_word' id='word_1_75' title='bbox 726 1366 784 1457; x_wconf 94' lang='lat' dir='ltr'>(sc.</span> <span class='ocrx_word' id='word_1_76' title='bbox 816 1368 990 1455; x_wconf 85' lang='lat' dir='ltr'>Ulpianus)</span> <span class='ocrx_word' id='word_1_77' title='bbox 1022 1370 1108 1436; x_wconf 90' lang='lat' dir='ltr'>libro</span> 
     </span>
     <span class='ocr_line' id='line_1_13' title="bbox 98 1457 1107 1543; baseline -0.001 -19"><span class='ocrx_word' id='word_1_78' title='bbox 98 1457 216 1543; x_wconf 89' lang='lat' dir='ltr'>quinto</span> <span class='ocrx_word' id='word_1_79' title='bbox 240 1458 362 1523; x_wconf 91' lang='lat' dir='ltr'>decimo</span> <span class='ocrx_word' id='word_1_80' title='bbox 386 1458 427 1523; x_wconf 92' lang='lat' dir='ltr'>ad</span> <span class='ocrx_word' id='word_1_81' title='bbox 450 1458 597 1522; x_wconf 89' lang='lat' dir='ltr'>edictum.</span> <span class='ocrx_word' id='word_1_82' title='bbox 623 1495 660 1504; x_wconf 95' lang='lat'><em>-</em></span> <span class='ocrx_word' id='word_1_83' title='bbox 687 1457 721 1522; x_wconf 86' lang='lat' dir='ltr'>Si</span> <span class='ocrx_word' id='word_1_84' title='bbox 745 1459 817 1541; x_wconf 93' lang='lat' dir='ltr'>quis</span> <span class='ocrx_word' id='word_1_85' title='bbox 842 1459 944 1523; x_wconf 89' lang='lat' dir='ltr'>sciens</span> <span class='ocrx_word' id='word_1_86' title='bbox 969 1459 1107 1523; x_wconf 86' lang='lat' dir='ltr'>alienam</span> 
     </span>
     <span class='ocr_line' id='line_1_14' title="bbox 97 1545 1117 1632; baseline -0.002 -20"><span class='ocrx_word' id='word_1_87' title='bbox 97 1547 180 1612; x_wconf 87' lang='lat' dir='ltr'>emit</span> <span class='ocrx_word' id='word_1_88' title='bbox 197 1546 419 1628; x_wconf 87' lang='lat' dir='ltr'>hereditatem,</span> <span class='ocrx_word' id='word_1_89' title='bbox 440 1548 532 1632; x_wconf 87' lang='lat' dir='ltr'>quasi</span> <span class='ocrx_word' id='word_1_90' title='bbox 550 1568 608 1630; x_wconf 94' lang='lat' dir='ltr'>pro</span> <span class='ocrx_word' id='word_1_91' title='bbox 627 1568 812 1630; x_wconf 88' lang='lat' dir='ltr'>possessore</span> <span class='ocrx_word' id='word_1_92' title='bbox 830 1545 1037 1632; x_wconf 85' lang='lat' dir='ltr'>possideret¹,</span> <span class='ocrx_word' id='word_1_93' title='bbox 1062 1549 1117 1612; x_wconf 63' lang='lat' dir='ltr'>sie,</span> 
     </span>
     <span class='ocr_line' id='line_1_15' title="bbox 95 1634 832 1720; baseline -0.004 -19"><span class='ocrx_word' id='word_1_94' title='bbox 95 1636 169 1720; x_wconf 85' lang='lat' dir='ltr'>peti</span> <span class='ocrx_word' id='word_1_95' title='bbox 191 1636 232 1701; x_wconf 82' lang='lat' dir='ltr'>ab</span> <span class='ocrx_word' id='word_1_96' title='bbox 256 1657 294 1700; x_wconf 91' lang='lat' dir='ltr'>eo</span> <span class='ocrx_word' id='word_1_97' title='bbox 315 1634 529 1700; x_wconf 88' lang='lat' dir='ltr'>hereditatem</span> <span class='ocrx_word' id='word_1_98' title='bbox 553 1635 683 1718; x_wconf 86' lang='lat' dir='ltr'>quidam</span> <span class='ocrx_word' id='word_1_99' title='bbox 705 1638 832 1719; x_wconf 89' lang='lat' dir='ltr'>putant.</span> 
     </span>
    </p>
   </div>
   <div class='ocr_carea' id='block_1_7' title="bbox 97 1810 1155 3503">
    <p class='ocr_par' dir='ltr' id='par_1_8' title="bbox 442 1810 772 1869">
     <span class='ocr_line' id='line_1_16' title="bbox 442 1810 772 1869; baseline 0 -2"><span class='ocrx_word' id='word_1_100' title='bbox 442 1810 489 1868; x_wconf 89' lang='lat' dir='ltr'>De</span> <span class='ocrx_word' id='word_1_101' title='bbox 510 1811 554 1867; x_wconf 87' lang='lat' dir='ltr'>rei</span> <span class='ocrx_word' id='word_1_102' title='bbox 575 1810 772 1869; x_wconf 72' lang='lat' dir='ltr'>vindicatione.</span> 
     </span>
    </p>

    <p class='ocr_par' dir='ltr' id='par_1_9' title="bbox 97 1917 1109 2515">
     <span class='ocr_line' id='line_1_17' title="bbox 191 1917 1107 2002; baseline -0.002 -18"><span class='ocrx_word' id='word_1_103' title='bbox 191 1919 278 1984; x_wconf 77' lang='lat'>118⁸.</span> <span class='ocrx_word' id='word_1_104' title='bbox 296 1917 334 1984; x_wconf 91' lang='lat' dir='ltr'>D.</span> <span class='ocrx_word' id='word_1_105' title='bbox 343 1918 433 2001; x_wconf 77' lang='lat'>47‚3‚</span> <span class='ocrx_word' id='word_1_106' title='bbox 443 1919 471 1983; x_wconf 93' lang='lat'>1.</span> <span class='ocrx_word' id='word_1_107' title='bbox 490 1918 650 2002; x_wconf 89' lang='lat' dir='ltr'>Ulpianus</span> <span class='ocrx_word' id='word_1_108' title='bbox 664 1918 747 1983; x_wconf 90' lang='lat' dir='ltr'>libro</span> <span class='ocrx_word' id='word_1_109' title='bbox 762 1918 952 2002; x_wconf 84' lang='lat' dir='ltr'>trigensimo</span> <span class='ocrx_word' id='word_1_110' title='bbox 968 1919 1107 2001; x_wconf 87' lang='lat' dir='ltr'>septimo</span> 
     </span>
     <span class='ocr_line' id='line_1_18' title="bbox 97 2005 1106 2090; baseline -0.004 -17"><span class='ocrx_word' id='word_1_111' title='bbox 97 2006 140 2073; x_wconf 84' lang='lat' dir='ltr'>ad</span> <span class='ocrx_word' id='word_1_112' title='bbox 164 2005 312 2073; x_wconf 90' lang='lat' dir='ltr'>edictum.</span> <span class='ocrx_word' id='word_1_113' title='bbox 331 2044 372 2054; x_wconf 95' lang='lat'><em>-</em></span> <span class='ocrx_word' id='word_1_114' title='bbox 392 2007 488 2090; x_wconf 83' lang='lat' dir='ltr'>Tigni</span> <span class='ocrx_word' id='word_1_115' title='bbox 512 2055 542 2073; x_wconf 95' lang='lat'>..</span> <span class='ocrx_word' id='word_1_116' title='bbox 566 2007 782 2090; x_wconf 87' lang='lat' dir='ltr'>appellatione</span> <span class='ocrx_word' id='word_1_117' title='bbox 802 2008 983 2072; x_wconf 83' lang='lat' dir='ltr'>continetur</span> <span class='ocrx_word' id='word_1_118' title='bbox 1002 2007 1106 2070; x_wconf 87' lang='lat' dir='ltr'>omnis</span> 
     </span>
     <span class='ocr_line' id='line_1_19' title="bbox 97 2095 1106 2179; baseline -0.003 -19"><span class='ocrx_word' id='word_1_119' title='bbox 97 2095 251 2178; x_wconf 80' lang='lat' dir='ltr'>materia,</span> <span class='ocrx_word' id='word_1_120' title='bbox 279 2117 317 2160; x_wconf 85' lang='lat' dir='ltr'>ex</span> <span class='ocrx_word' id='word_1_121' title='bbox 346 2117 409 2179; x_wconf 91' lang='lat' dir='ltr'>qua</span> <span class='ocrx_word' id='word_1_122' title='bbox 434 2095 613 2159; x_wconf 90' lang='lat' dir='ltr'>aedificium</span> <span class='ocrx_word' id='word_1_123' title='bbox 637 2097 774 2172; x_wconf 88' lang='lat' dir='ltr'>constet,</span> <span class='ocrx_word' id='word_1_124' title='bbox 803 2096 975 2178; x_wconf 85' lang='lat' dir='ltr'>vineaeque</span> <span class='ocrx_word' id='word_1_125' title='bbox 1000 2116 1106 2158; x_wconf 89' lang='lat' dir='ltr'>neces-</span> 
     </span>
     <span class='ocr_line' id='line_1_20' title="bbox 99 2183 1107 2269; baseline -0.002 -20"><span class='ocrx_word' id='word_1_126' title='bbox 99 2184 196 2249; x_wconf 85' lang='lat' dir='ltr'>saria.</span> <span class='ocrx_word' id='word_1_127' title='bbox 237 2183 320 2247; x_wconf 92' lang='lat' dir='ltr'>unde</span> <span class='ocrx_word' id='word_1_128' title='bbox 343 2184 474 2269; x_wconf 88' lang='lat' dir='ltr'>quidam</span> <span class='ocrx_word' id='word_1_129' title='bbox 498 2184 589 2247; x_wconf 87' lang='lat' dir='ltr'>aiunt</span> <span class='ocrx_word' id='word_1_130' title='bbox 610 2184 752 2267; x_wconf 83' lang='lat' dir='ltr'>tegulam</span> <span class='ocrx_word' id='word_1_131' title='bbox 772 2205 897 2266; x_wconf 89' lang='lat' dir='ltr'>quoque</span> <span class='ocrx_word' id='word_1_132' title='bbox 917 2187 949 2246; x_wconf 87' lang='lat' dir='ltr'>et</span> <span class='ocrx_word' id='word_1_133' title='bbox 967 2183 1107 2266; x_wconf 90' lang='lat' dir='ltr'>lapidem</span> 
     </span>
     <span class='ocr_line' id='line_1_21' title="bbox 97 2271 1107 2356; baseline -0.001 -19"><span class='ocrx_word' id='word_1_134' title='bbox 97 2277 133 2337; x_wconf 81' lang='lat' dir='ltr'>et</span> <span class='ocrx_word' id='word_1_135' title='bbox 156 2275 277 2336; x_wconf 84' lang='lat' dir='ltr'>testam</span> <span class='ocrx_word' id='word_1_136' title='bbox 299 2275 475 2356; x_wconf 88' lang='lat' dir='ltr'>ceteraque,</span> <span class='ocrx_word' id='word_1_137' title='bbox 499 2272 527 2335; x_wconf 93' lang='lat' dir='ltr'>si</span> <span class='ocrx_word' id='word_1_138' title='bbox 550 2293 613 2354; x_wconf 87' lang='lat' dir='ltr'>qua</span> <span class='ocrx_word' id='word_1_139' title='bbox 637 2271 791 2336; x_wconf 86' lang='lat' dir='ltr'>aedificiis</span> <span class='ocrx_word' id='word_1_140' title='bbox 816 2275 891 2335; x_wconf 90' lang='lat' dir='ltr'>sunt</span> <span class='ocrx_word' id='word_1_141' title='bbox 913 2272 1023 2355; x_wconf 88' lang='lat' dir='ltr'>utilia,</span> <span class='ocrx_word' id='word_1_142' title='bbox 1045 2271 1107 2336; x_wconf 91' lang='lat' dir='ltr'>hoc</span> 
     </span>
     <span class='ocr_line' id='line_1_22' title="bbox 98 2359 1109 2445; baseline -0.002 -19"><span class='ocrx_word' id='word_1_143' title='bbox 98 2359 240 2444; x_wconf 84' lang='lat' dir='ltr'>amplius</span> <span class='ocrx_word' id='word_1_144' title='bbox 269 2364 301 2424; x_wconf 86' lang='lat' dir='ltr'>et</span> <span class='ocrx_word' id='word_1_145' title='bbox 323 2360 442 2424; x_wconf 87' lang='lat' dir='ltr'>calcem</span> <span class='ocrx_word' id='word_1_146' title='bbox 466 2365 499 2423; x_wconf 85' lang='lat' dir='ltr'>et</span> <span class='ocrx_word' id='word_1_147' title='bbox 520 2360 674 2423; x_wconf 83' lang='lat' dir='ltr'>harenam</span> <span class='ocrx_word' id='word_1_148' title='bbox 697 2359 864 2445; x_wconf 81' lang='lat' dir='ltr'>tignorum</span> <span class='ocrx_word' id='word_1_149' title='bbox 888 2360 1109 2443; x_wconf 90' lang='lat' dir='ltr'>appellatione</span> 
     </span>
     <span class='ocr_line' id='line_1_23' title="bbox 100 2448 270 2515; baseline -0.012 -1"><span class='ocrx_word' id='word_1_150' title='bbox 100 2448 270 2515; x_wconf 86' lang='lat' dir='ltr'>contineri.</span> 
     </span>
    </p>

    <p class='ocr_par' dir='ltr' id='par_1_10' title="bbox 99 2534 1155 2867">
     <span class='ocr_line' id='line_1_24' title="bbox 191 2534 1109 2620; baseline -0.001 -18"><span class='ocrx_word' id='word_1_151' title='bbox 191 2535 280 2602; x_wconf 67' lang='lat' dir='ltr'>118b.</span> <span class='ocrx_word' id='word_1_152' title='bbox 299 2536 338 2602; x_wconf 93' lang='lat' dir='ltr'>D.</span> <span class='ocrx_word' id='word_1_153' title='bbox 349 2537 400 2620; x_wconf 86' lang='lat'>10,</span> <span class='ocrx_word' id='word_1_154' title='bbox 409 2537 439 2617; x_wconf 82' lang='lat'>4,</span> <span class='ocrx_word' id='word_1_155' title='bbox 451 2538 468 2600; x_wconf 78' lang='lat'><strong>7</strong></span> <span class='ocrx_word' id='word_1_156' title='bbox 476 2559 522 2619; x_wconf 92' lang='lat' dir='ltr'>pr.</span> <span class='ocrx_word' id='word_1_157' title='bbox 541 2534 702 2619; x_wconf 86' lang='lat' dir='ltr'>Ulpianus</span> <span class='ocrx_word' id='word_1_158' title='bbox 712 2536 795 2601; x_wconf 94' lang='lat' dir='ltr'>lihro</span> <span class='ocrx_word' id='word_1_159' title='bbox 805 2537 979 2601; x_wconf 88' lang='lat' dir='ltr'>vicensimo</span> <span class='ocrx_word' id='word_1_160' title='bbox 991 2539 1109 2619; x_wconf 86' lang='lat' dir='ltr'>quarto</span> 
     </span>
     <span class='ocr_line' id='line_1_25' title="bbox 99 2624 1108 2709; baseline -0.004 -18"><span class='ocrx_word' id='word_1_161' title='bbox 99 2626 141 2691; x_wconf 86' lang='lat' dir='ltr'>ad</span> <span class='ocrx_word' id='word_1_162' title='bbox 169 2624 318 2690; x_wconf 85' lang='lat' dir='ltr'>edictum.</span> <span class='ocrx_word' id='word_1_163' title='bbox 344 2661 381 2671; x_wconf 93' lang='lat'>-</span> <span class='ocrx_word' id='word_1_164' title='bbox 407 2625 503 2709; x_wconf 80' lang='lat' dir='ltr'>Tigni</span> <span class='ocrx_word' id='word_1_165' title='bbox 537 2625 752 2707; x_wconf 89' lang='lat' dir='ltr'>appellatione</span> <span class='ocrx_word' id='word_1_166' title='bbox 785 2646 912 2689; x_wconf 90' lang='lat' dir='ltr'>omnem</span> <span class='ocrx_word' id='word_1_167' title='bbox 940 2624 1108 2688; x_wconf 89' lang='lat' dir='ltr'>materiam</span> 
     </span>
     <span class='ocr_line' id='line_1_26' title="bbox 99 2712 1107 2800; baseline -0.002 -22"><span class='ocrx_word' id='word_1_168' title='bbox 99 2715 135 2778; x_wconf 92' lang='lat' dir='ltr'>in</span> <span class='ocrx_word' id='word_1_169' title='bbox 166 2714 239 2797; x_wconf 82' lang='lat' dir='ltr'>lege</span> <span class='ocrx_word' id='word_1_170' title='bbox 271 2712 439 2778; x_wconf 82' lang='lat' dir='ltr'>duodecim</span> <span class='ocrx_word' id='word_1_171' title='bbox 472 2713 655 2800; x_wconf 88' lang='lat' dir='ltr'>tabularum</span> <span class='ocrx_word' id='word_1_172' title='bbox 688 2712 876 2797; x_wconf 85' lang='lat' dir='ltr'>accipimus,</span> <span class='ocrx_word' id='word_1_173' title='bbox 907 2716 945 2777; x_wconf 88' lang='lat' dir='ltr'>ut</span> <span class='ocrx_word' id='word_1_174' title='bbox 977 2714 1107 2796; x_wconf 91' lang='lat' dir='ltr'>quihus-</span> 
     </span>
     <span class='ocr_line' id='line_1_27' title="bbox 99 2801 1155 2867; baseline 0.002 -2"><span class='ocrx_word' id='word_1_175' title='bbox 99 2801 175 2867; x_wconf 89' lang='lat' dir='ltr'>dam</span> <span class='ocrx_word' id='word_1_176' title='bbox 198 2847 228 2865; x_wconf 91' lang='lat'>..</span> <span class='ocrx_word' id='word_1_177' title='bbox 251 2801 385 2866; x_wconf 86' lang='lat' dir='ltr'>videtur.</span> <span class='ocrx_word' id='word_1_178' title='bbox 1151 2859 1155 2867; x_wconf 90' lang='lat'>.</span> 
     </span>
    </p>

    <p class='ocr_par' dir='ltr' id='par_1_11' title="bbox 100 2888 1109 3241">
     <span class='ocr_line' id='line_1_28' title="bbox 191 2888 1109 2974; baseline -0.001 -21"><span class='ocrx_word' id='word_1_179' title='bbox 191 2888 265 2953; x_wconf 84' lang='lat'>119.</span> <span class='ocrx_word' id='word_1_180' title='bbox 292 2888 331 2954; x_wconf 89' lang='lat' dir='ltr'>D.</span> <span class='ocrx_word' id='word_1_181' title='bbox 346 2890 380 2968; x_wconf 88' lang='lat'>6,</span> <span class='ocrx_word' id='word_1_182' title='bbox 396 2891 429 2966; x_wconf 87' lang='lat'>1.</span> <span class='ocrx_word' id='word_1_183' title='bbox 444 2890 499 2971; x_wconf 89' lang='grc'>15,</span> <span class='ocrx_word' id='word_1_184' title='bbox 514 2891 543 2956; x_wconf 87' lang='grc'>3.</span> <span class='ocrx_word' id='word_1_185' title='bbox 580 2890 738 2974; x_wconf 83' lang='lat' dir='ltr'>Ulpianus</span> <span class='ocrx_word' id='word_1_186' title='bbox 762 2890 846 2955; x_wconf 92' lang='lat' dir='ltr'>libro</span> <span class='ocrx_word' id='word_1_187' title='bbox 870 2894 960 2954; x_wconf 86' lang='lat' dir='ltr'>sexto</span> <span class='ocrx_word' id='word_1_188' title='bbox 985 2889 1109 2953; x_wconf 91' lang='lat' dir='ltr'>decimo</span> 
     </span>
     <span class='ocr_line' id='line_1_29' title="bbox 101 2975 1108 3061; baseline -0.003 -18"><span class='ocrx_word' id='word_1_189' title='bbox 101 2978 142 3043; x_wconf 86' lang='lat' dir='ltr'>ad</span> <span class='ocrx_word' id='word_1_190' title='bbox 176 2976 325 3042; x_wconf 90' lang='lat' dir='ltr'>edictum.</span> <span class='ocrx_word' id='word_1_191' title='bbox 347 3014 390 3024; x_wconf 93' lang='lat'><em>-</em></span> <span class='ocrx_word' id='word_1_192' title='bbox 418 2975 453 3043; x_wconf 85' lang='lat' dir='ltr'>Si</span> <span class='ocrx_word' id='word_1_193' title='bbox 485 3001 595 3043; x_wconf 89' lang='lat' dir='ltr'>servus</span> <span class='ocrx_word' id='word_1_194' title='bbox 630 2979 751 3061; x_wconf 89' lang='lat' dir='ltr'>petitus</span> <span class='ocrx_word' id='word_1_195' title='bbox 785 2979 835 3042; x_wconf 87' lang='lat' dir='ltr'>vel</span> <span class='ocrx_word' id='word_1_196' title='bbox 868 2978 988 3042; x_wconf 86' lang='lat' dir='ltr'>animal</span> <span class='ocrx_word' id='word_1_197' title='bbox 1021 2977 1108 3041; x_wconf 88' lang='lat' dir='ltr'>aliud</span> 
     </span>
     <span class='ocr_line' id='line_1_30' title="bbox 100 3065 1109 3149; baseline -0.002 -19"><span class='ocrx_word' id='word_1_198' title='bbox 100 3066 307 3131; x_wconf 87' lang='lat' dir='ltr'>demortuum</span> <span class='ocrx_word' id='word_1_199' title='bbox 340 3067 383 3130; x_wconf 89' lang='lat' dir='ltr'>sit</span> <span class='ocrx_word' id='word_1_200' title='bbox 412 3068 480 3131; x_wconf 92' lang='lat' dir='ltr'>sine</span> <span class='ocrx_word' id='word_1_201' title='bbox 507 3068 581 3131; x_wconf 93' lang='lat' dir='ltr'>dolo</span> <span class='ocrx_word' id='word_1_202' title='bbox 610 3068 694 3131; x_wconf 89' lang='lat' dir='ltr'>malo</span> <span class='ocrx_word' id='word_1_203' title='bbox 723 3070 756 3130; x_wconf 89' lang='lat' dir='ltr'>et</span> <span class='ocrx_word' id='word_1_204' title='bbox 783 3067 877 3149; x_wconf 91' lang='lat' dir='ltr'>culpa</span> <span class='ocrx_word' id='word_1_205' title='bbox 902 3065 1109 3149; x_wconf 87' lang='lat' dir='ltr'>possessoris,</span> 
     </span>
     <span class='ocr_line' id='line_1_31' title="bbox 100 3154 958 3241; baseline -0.002 -21"><span class='ocrx_word' id='word_1_206' title='bbox 100 3155 242 3241; x_wconf 88' lang='lat' dir='ltr'>pretium</span> <span class='ocrx_word' id='word_1_207' title='bbox 265 3176 330 3219; x_wconf 91' lang='lat' dir='ltr'>non</span> <span class='ocrx_word' id='word_1_208' title='bbox 352 3176 422 3219; x_wconf 85' lang='lat' dir='ltr'>esse</span> <span class='ocrx_word' id='word_1_209' title='bbox 445 3157 672 3237; x_wconf 88' lang='lat' dir='ltr'>praestandum</span> <span class='ocrx_word' id='word_1_210' title='bbox 694 3155 836 3238; x_wconf 91' lang='lat' dir='ltr'>plerique</span> <span class='ocrx_word' id='word_1_211' title='bbox 861 3154 958 3218; x_wconf 87' lang='lat' dir='ltr'>aiunt.</span> 
     </span>
    </p>

    <p class='ocr_par' dir='ltr' id='par_1_12' title="bbox 101 3242 1110 3503">
     <span class='ocr_line' id='line_1_32' title="bbox 194 3242 1107 3326; baseline -0.003 -18"><span class='ocrx_word' id='word_1_212' title='bbox 194 3243 267 3308; x_wconf 80' lang='lat'>120.</span> <span class='ocrx_word' id='word_1_213' title='bbox 289 3242 330 3309; x_wconf 90' lang='lat' dir='ltr'>D.</span> <span class='ocrx_word' id='word_1_214' title='bbox 344 3243 374 3326; x_wconf 89' lang='lat'>6,</span> <span class='ocrx_word' id='word_1_215' title='bbox 389 3245 417 3322; x_wconf 92' lang='lat'>1,</span> <span class='ocrx_word' id='word_1_216' title='bbox 431 3244 484 3326; x_wconf 78' lang='lat'>23,</span> <span class='ocrx_word' id='word_1_217' title='bbox 498 3245 527 3308; x_wconf 78' lang='lat'>2.</span> <span class='ocrx_word' id='word_1_218' title='bbox 565 3243 682 3307; x_wconf 90' lang='lat' dir='ltr'>Paulus</span> <span class='ocrx_word' id='word_1_219' title='bbox 705 3243 790 3307; x_wconf 90' lang='lat' dir='ltr'>libro</span> <span class='ocrx_word' id='word_1_220' title='bbox 809 3242 983 3307; x_wconf 90' lang='lat' dir='ltr'>vicensimo</span> <span class='ocrx_word' id='word_1_221' title='bbox 1002 3242 1107 3326; x_wconf 92' lang='lat' dir='ltr'>primo</span> 
     </span>
     <span class='ocr_line' id='line_1_33' title="bbox 101 3329 1110 3416; baseline -0.003 -20"><span class='ocrx_word' id='word_1_222' title='bbox 101 3331 142 3396; x_wconf 86' lang='lat' dir='ltr'>ad</span> <span class='ocrx_word' id='word_1_223' title='bbox 181 3331 330 3396; x_wconf 87' lang='lat' dir='ltr'>edictum.</span> <span class='ocrx_word' id='word_1_224' title='bbox 359 3367 398 3377; x_wconf 93' lang='lat'>-</span> <span class='ocrx_word' id='word_1_225' title='bbox 427 3329 462 3395; x_wconf 81' lang='lat' dir='ltr'>si</span> <span class='ocrx_word' id='word_1_226' title='bbox 496 3333 565 3416; x_wconf 89' lang='lat' dir='ltr'>quis</span> <span class='ocrx_word' id='word_1_227' title='bbox 602 3333 648 3394; x_wconf 91' lang='lat' dir='ltr'>rei</span> <span class='ocrx_word' id='word_1_228' title='bbox 682 3352 756 3395; x_wconf 89' lang='lat' dir='ltr'>suae</span> <span class='ocrx_word' id='word_1_229' title='bbox 790 3331 929 3394; x_wconf 89' lang='lat' dir='ltr'>alienam</span> <span class='ocrx_word' id='word_1_230' title='bbox 961 3352 1028 3394; x_wconf 89' lang='lat' dir='ltr'>rem</span> <span class='ocrx_word' id='word_1_231' title='bbox 1061 3331 1110 3393; x_wconf 87' lang='lat' dir='ltr'>ita</span> 
     </span>
     <span class='ocr_line' id='line_1_34' title="bbox 102 3419 1109 3503; baseline -0.003 -18"><span class='ocrx_word' id='word_1_232' title='bbox 102 3419 268 3503; x_wconf 85' lang='lat' dir='ltr'>adiecerit,</span> <span class='ocrx_word' id='word_1_233' title='bbox 300 3424 337 3485; x_wconf 93' lang='lat' dir='ltr'>ut</span> <span class='ocrx_word' id='word_1_234' title='bbox 362 3442 440 3502; x_wconf 87' lang='lat' dir='ltr'>pars</span> <span class='ocrx_word' id='word_1_235' title='bbox 468 3421 535 3485; x_wconf 90' lang='lat' dir='ltr'>eins</span> <span class='ocrx_word' id='word_1_236' title='bbox 563 3420 665 3498; x_wconf 86' lang='lat' dir='ltr'>fieret,</span> <span class='ocrx_word' id='word_1_237' title='bbox 696 3420 797 3483; x_wconf 84' lang='lat' dir='ltr'>veluti</span> <span class='ocrx_word' id='word_1_238' title='bbox 826 3419 853 3483; x_wconf 89' lang='lat' dir='ltr'>si</span> <span class='ocrx_word' id='word_1_239' title='bbox 881 3419 952 3502; x_wconf 89' lang='lat' dir='ltr'>quis</span> <span class='ocrx_word' id='word_1_240' title='bbox 981 3421 1109 3482; x_wconf 86' lang='lat' dir='ltr'>statuae</span> 
     </span>
    </p>
   </div>
   <div class='ocr_carea' id='block_1_8' title="bbox 173 3566 724 3638">
    <p class='ocr_par' dir='ltr' id='par_1_13' title="bbox 173 3566 724 3638">
     <span class='ocr_line' id='line_1_35' title="bbox 173 3566 724 3638; baseline 0 -16"><span class='ocrx_word' id='word_1_241' title='bbox 173 3573 189 3622; x_wconf 92' lang='lat'>1</span> <span class='ocrx_word' id='word_1_242' title='bbox 208 3566 256 3623; x_wconf 85' lang='lat' dir='ltr'>Fi.</span> <span class='ocrx_word' id='word_1_243' title='bbox 273 3566 400 3638; x_wconf 88' lang='lat' dir='ltr'>possidet</span> <span class='ocrx_word' id='word_1_244' title='bbox 418 3568 455 3623; x_wconf 90' lang='lat' dir='ltr'>et.</span> <span class='ocrx_word' id='word_1_245' title='bbox 473 3567 573 3623; x_wconf 78' lang='lat' dir='ltr'>emend.</span> <span class='ocrx_word' id='word_1_246' title='bbox 593 3567 724 3638; x_wconf 76' lang='lat' dir='ltr'>Kraepcr.</span> 
     </span>
    </p>
   </div>
   <div class='ocr_carea' id='block_1_9' title="bbox 0 0 1221 3976">
    <p class='ocr_par' dir='ltr' id='par_1_14' title="bbox 0 0 1221 3976">
     <span class='ocr_line' id='line_1_36' title="bbox 0 0 1221 3976; baseline 0 0"><span class='ocrx_word' id='word_1_247' title='bbox 0 0 1221 3976; x_wconf 95' lang='lat' dir='ltr'> </span> 
     </span>
    </p>
   </div>
  </div>
 </body>
</html>
