2422 3976
148 193 168 257 8
197 192 242 247 lll.
259 191 334 247 GAII
348 190 496 246 CLAUDII
509 191 645 248 NERON.
661 191 805 247 GALBAE
820 191 928 245 TEMP.
942 189 1038 245 IURlS
1053 188 1154 245 CONS.

148 355 273 419 fructus
301 355 426 438 legatus
455 355 511 437 sit,
538 352 646 418 Nerva
673 353 758 419 filius
784 357 816 418 et
839 355 962 418 lumina
984 352 1159 417 immittere

148 466 221 508 eum
237 439 294 529 (sc.
306 440 593 528 usufructuarium)
607 463 700 526 posse
716 441 832 507 ait...l
860 443 938 507 itam
952 442 1062 507 Nerva
1076 463 1160 524 aum,

148 532 199 596 cui
223 532 351 596 aedium
374 553 451 596 usus
474 531 598 596 fructus
623 532 748 616 legatus
770 531 823 613 sit,
845 531 941 595 altius
961 530 1075 594 tollere
1093 552 1157 594 non

147 641 256 704 posse,
283 619 431 705 quamvis
455 620 578 684 lumina
600 641 663 684 non
689 621 913 702 obscurentur,
938 619 1013 704 quia
1035 622 1158 682 tectum

148 710 445 862 ffiffillllli
464 707 1161 879 utilititttttt.{little

236 887 266 951 2.
298 884 335 949 D.
350 887 403 969 46,
417 886 448 970 4,
461 887 515 950 21.
560 884 737 950 Venuleius
757 885 840 951 libro
864 885 1031 951 undecimo
1051 882 1159 968 Stipu·

147 975 305 1039 lationum
329 972 377 1062 (P.
393 975 460 1059 67).
486 1011 524 1022 —
551 972 586 1038 Si
613 975 672 1038 sub
701 975 887 1039 condicione
912 975 1055 1058 legatum
1078 974 1169 1041 mihi,

147 1063 257 1127 datum
276 1062 418 1128 novandi
437 1085 533 1128 causa
552 1062 725 1145 stipulatus
746 1085 817 1127 rum
834 1067 866 1126 et
881 1063 1159 1127 anteexistentem

147 1151 371 1216 condicionem
396 1155 561 1235 acceptum
586 1151 700 1234 fecero,
721 1149 831 1217 Nerva
850 1151 934 1216 filius
954 1151 1009 1234 ait,
1032 1151 1160 1214 etiamsi

148 1241 294 1305 condicio
323 1240 480 1323 extiterit,
506 1261 609 1324 neque
633 1261 671 1304 ex
693 1244 889 1304 testamento
913 1239 1159 1323 competituram

148 1330 321 1413 actionem,
350 1330 426 1413 quia
452 1329 585 1393 novatio
611 1328 698 1393 facta
721 1329 777 1414 sit,
804 1349 906 1412 nequa
931 1350 969 1393 ex
992 1328 1162 1412 stipulatu,

148 1439 229 1502 quae
253 1417 498 1500 acceptilatione
522 1417 630 1483 soluta
653 1417 704 1482 sit.

493 1593 543 1658 De
564 1595 813 1660 manumissione.

234 1708 263 1772 3.
301 1707 340 1772 D.
361 1709 415 1793 40,
433 1709 462 1792 2,
482 1709 533 1773 25.
589 1708 688 1774 Gaius
721 1709 805 1774 libro
837 1708 941 1793 primo
974 1708 1012 1772 de
1046 1731 1161 1773 manu·

145 1797 355 1861 missionibus
380 1795 428 1881 (P.
443 1796 531 1882 477).
559 1833 595 1842 —
622 1795 656 1861 Si
679 1799 796 1862 tutoris
820 1797 959 1862 habendi
982 1818 1079 1862 causa
1101 1820 1159 1882 pu·

147 1885 246 1969 pillus
279 1885 503 1969 manumittat,
534 1885 722 1969 probationi
754 1907 823 1951 esse
856 1907 985 1950 causam
1013 1885 1161 1950 Fufidius

145 1975 200 2039 ait.
245 1972 353 2038 Nerva
376 1973 462 2038 filius
487 1978 601 2039 contra
624 1975 729 2038 sentit.

234 2085 270 2145 of.
291 2084 354 2145 cai.
375 2089 408 2162 1,
428 2087 479 2146 36.
500 2089 549 2145 19.

551 2239 602 2304 De
623 2241 748 2322 nuptiis.

233 2364 262 2427 4.
287 2364 325 2429 D.
341 2365 372 2449 3,
385 2365 415 2448 2,
429 2366 459 2444 2,
474 2362 495 2428 5
519 2386 547 2428 v.
571 2385 668 2447 supra
691 2388 721 2448 p.
736 2364 765 2429 5.

454 2539 605 2606 Deserat
627 2543 849 2623 compromissa

237 2661 266 2726 5.
299 2663 337 2728 D.
355 2663 405 2742 15,
421 2666 449 2745 l,
464 2666 493 2748 3,
508 2666 537 2730 8.
583 2663 740 2749 Ulpianus
766 2667 850 2731 libro
874 2666 1048 2732 vicensimo
1072 2690 1161 2734 nono

146 2750 184 2813 ad
209 2751 348 2816 edictum
372 2748 534 2838 (P.851‘¹).
554 2790 596 2800 -
618 2753 652 2818 Si
675 2776 795 2838 servus,
819 2776 891 2819 cum
915 2777 949 2820 se
972 2777 1031 2839 pro
1055 2756 1161 2823 libero

145 2843 280 2922 gereret,
303 2841 571 2925 compromiserit,
594 2845 769 2926 quaeritur,
793 2865 833 2908 an
858 2843 896 2907 de
918 2845 1046 2927 peculio
1071 2846 1160 2911 actio

145 2949 183 2991 ex
211 2949 316 3010 poena
345 2931 568 3012 compromissi
596 2933 688 3014 quasi
716 2953 755 2995 ex
778 2933 908 3016 negotio
933 2937 1026 3017 gesto
1050 2934 1159 3000 danda

145 3015 202 3098 sit,
237 3016 330 3081 sicuti
363 3019 558 3084 traiecticiae
590 3021 743 3102 pecuniae
776 3020 879 3084 datur.
935 3021 990 3085 sed
1023 3021 1085 3087 hoc
1118 3071 1159 3088 ..

144 3101 270 3167 Nervae
299 3105 367 3170 filio
475 3108 599 3172 videtur
625 3109 730 3172 verius
754 3130 792 3172 ex
816 3111 1047 3193 compromisso
1072 3113 1158 3176 servi

143 3213 208 3256 non
233 3192 370 3258 dandam
394 3195 432 3259 de
455 3197 580 3279 peculio
605 3197 779 3281 actionem,
804 3199 880 3282 quia
902 3220 961 3262 nec
985 3199 1013 3262 si
1037 3199 1158 3265 iudicio

143 3280 373 3347 condemnetur
397 3305 521 3368 servus,
544 3285 695 3348 daturin
719 3307 790 3350 eum
814 3287 907 3352 actio.

232 3394 268 3452 cf.
283 3391 452 3453 Octauenus
474 3395 511 3454 D.
527 3397 555 3472 4,
572 3396 600 3470 8,
616 3397 665 3467 32,
682 3398 710 3456 8.

215 3557 228 3604 1
250 3553 326 3616 Quae
346 3556 498 3621 sequuntur
517 3552 629 3622 Ulpiani
648 3558 720 3610 sunt.
