2422 3976
138 188 182 252 40
209 187 256 243 ΠΙ.
271 187 347 242 GAH
361 184 507 242 CLAUDII
520 185 655 240 NERON.
667 184 810 239 GALBAE
822 184 930 240 ΤΕΜΡ.
941 184 1039 240 IURIS
1050 184 1154 241 CONS.

246 356 396 414 Deionis
419 371 517 413 1011111
540 356 590 427 qui
613 355 811 414 dediticiorum
833 371 952 413 numero
975 357 1051 413 sumt.

230 464 293 529 14?
316 462 386 530 Gai.
397 464 427 548 3,
437 463 488 548 74,
500 463 550 528 75.
563 500 601 510 -
612 464 731 528 Eorum
746 513 771 528 ..
787 485 867 548 quos
877 460 1031 528 leerlia
1042 462 1158 528 Sentio

140 553 364 618 dediticiorum
391 574 524 616 numero
553 553 642 636 facit,
675 554 763 617 bona
789 552 886 617 modo
915 553 1008 638 quasi
1035 552 1157 617 civium

139 641 359 706 Romanorum
394 640 599 725 libertorum,
636 641 732 705 modo
765 642 858 725 quasi
889 639 1079 706 Latinorum
1114 642 1156 706 ad

139 735 296 814 patronos
315 729 488 813 pertinent.
531 752 605 793 nam
626 752 735 794 eorum
754 730 840 795 bona
859 730 923 814 qui,
944 731 971 794 si
990 729 1023 793 in
1043 730 1157 815 aliquo

140 819 220 883 vitio
238 839 304 882 non
324 822 441 900 essent,
460 818 651 882 manumissi
669 819 755 883 cives
769 818 909 884 Romani
923 818 1023 883 futuri
1038 825 1157 902 essent,

140 908 233 992 quasi
267 908 385 972 civium
417 906 640 971 Romanorum
671 907 819 990 patronis
852 907 963 985 eadem
995 907 1066 992 lege
1099 909 1158 972 111-

140 997 284 1060 buuntur
322 1049 328 1062 .
365 1018 430 1060 non
466 1000 576 1060 tamen
611 996 646 1059 hi
683 996 807 1061 habent
839 996 937 1061 etiam
968 998 1158 1061 testamenti

140 1085 327 1170 factionem3
345 1107 420 1148 nam
439 1084 472 1148 id
488 1084 650 1169 plerisque
665 1085 787 1167 placuit
801 1110 858 1169 ...3
876 1107 952 1149 nam
966 1084 1159 1149 incredibile

140 1174 310 1239 videbatur
324 1173 482 1257 pessimae
501 1173 699 1237 condicionis
714 1174 898 1238 hominibus
917 1174 1058 1238 voluisse
1072 1173 1158 1259 legis

142 1264 281 1328 latorem
305 1261 495 1326 testamenti
517 1261 655 1326 faciendi
677 1262 727 1327 ius
752 1263 930 1326 concedere.

548 1418 657 1476 Liber
678 1418 747 1477 VH.

324 1526 373 1592 De
395 1527 543 1593 bonorem
561 1529 750 1610 possessione
771 1529 854 1593 aude
877 1528 974 1593 tiberi.

230 1645 339 1724 (1113,
356 1650 397 1707 18
422 1692 447 1706 ..
471 1648 652 1724 emancipati
673 1648 760 1707 liberi
783 1649 970 1707 nullum-ius
990 1647 1024 1706 in
1041 1648 1158 1708 heredi-

141 1739 238 1795 tatem
269 1736 403 1811 parentis
434 1756 470 1795 ex
498 1755 533 1795 ea
560 1738 627 1814 lege
656 1727 709 1817 (sc.
732 1737 792 1796 XII
818 1729 1007 1815 tabularum)
1035 1736 1159 1813 habent,

141 1844 209 1885 cum
225 1823 368 1884 desierint
387 1825 434 1884 sui
451 1825 576 1884 heredes
595 1844 669 1884 esse.
704 1825 850 1901 1113,ἳὸ
871 1871 899 1886 ..
919 1826 1031 1884 liberos
1051 1844 1156 1886 omnes

142 1915 194 1989 qui
221 1913 356 1991 legitimo
384 1914 448 1972 iure
476 1913 669 1989 deficiantur,
697 1919 785 1973 vocat
813 1915 851 1973 ad
878 1914 1079 1973 hereditatem
1104 1906 1158 1994 (sc.

141 1994 287 2081 praetor),
307 2001 432 2078 proinde
451 2021 486 2061 ac
504 2003 529 2061 si
542 2003 574 2060 in
587 2005 738 2080 potestate
752 2004 885 2078 parentis
900 2003 1005 2062 mertis
1019 2006 1157 2078 tempore

141 2091 280 2166 fuissent,
307 2091 369 2149 sive
393 2092 449 2150 soli
472 2091 533 2149 sint
556 2094 618 2150 sive
642 2091 734 2149 etiam
757 2093 803 2150 sui
825 2092 957 2164 heredes,
980 2091 1012 2149 id
1035 2095 1083 2150 est
1107 2092 1160 2168 qui

141 2180 174 2236 in
201 2182 353 2254 potestate
380 2179 475 2255 patris
499 2180 635 2258 1111111111,
663 2184 849 2240 concurrant.
894 2179 963 2256 Ulp.
985 2182 1040 2257 26,
1061 2182 1117 2256 28,
1137 2183 1158 2239 4

143 2268 338 2344 emancipatis
370 2268 473 2328 liberis
506 2287 542 2327 ex
574 2268 671 2328 edicto
699 2269 788 2328 datur
820 2271 966 2329 bonorum
998 2271 1158 2345 possessio,

143 2357 169 2415 si
192 2359 292 2432 parati
314 2359 385 2415 sunt
403 2375 508 2416 cavere
527 2358 672 2417 fratribus
692 2358 763 2434 suis,
787 2359 887 2435 quiin
906 2360 1056 2433 potestate
1075 2377 1157 2417 man-

145 2449 257 2523 serunt,
280 2445 360 2505 bona
378 2464 454 2520 quae
473 2446 619 2505 moriente
638 2449 725 2523 patre
743 2446 913 2506 habuerunt
932 2465 964 2505 se
983 2446 1159 2507 collaturos.

234 2537 284 2602 15.
318 2538 357 2601 D.
376 2538 433 2622 37,
448 2538 482 2615 6,
497 2540 535 2620 2,
547 2538 577 2603 5.
626 2538 746 2603 Paulus
775 2539 858 2603 libro
886 2538 1159 2623 quadragensimo

143 2627 248 2710 primo
264 2627 304 2690 ad
320 2627 460 2691 edictum
475 2624 523 2711 (P.
534 2625 625 2713 586).
640 2665 677 2673 -
696 2625 730 2691 si
744 2631 810 2692 tres
825 2626 1030 2710 emancipati,
1045 2626 1108 2691 duo
1124 2627 1157 2690 in

143 2718 307 2799 potestate
327 2714 402 2795 sint,
421 2713 522 2779 Gaius
542 2714 673 2781 Cassius
691 2716 776 2780 libro
796 2715 933 2801 septimo
952 2715 1033 2779 iuris
1052 2715 1157 2779 civilis

143 2803 258 2867 tertias
277 2803 488 2868 conferendas
511 2810 613 2888 putat,
636 2810 673 2869 ut
696 2804 900 2889 emancipati,
924 2806 1001 2888 quia
1019 2804 1157 2869 invicem

142 2912 210 2955 non
229 2892 407 2975 conterunt,
426 2894 522 2957 unius
541 2895 613 2959 loco
633 2895 710 2975 sint3
730 2916 788 2958 nec
806 2894 968 2979 indignari
988 2914 1043 2957 eos
1064 2914 1157 2977 opor·

142 2985 224 3062 1111,
257 2981 284 3044 si
315 2980 389 3065 plus
420 2981 590 3047 conferant
617 2985 650 3045 et
678 2982 783 3046 minus
812 2983 987 3066 accipiant,
1020 2982 1096 3065 quia
1124 2982 1159 3045 in

142 3071 306 3152 potestate
325 3091 435 3134 eorum
453 3069 552 3134 fuerit
568 3072 726 3135 bonorum
741 3072 982 3155 possessionem
997 3070 1157 3134 emittere.

542 3226 650 3286 Liber
673 3226 757 3287 VIII.

555 3336 605 3400 Dc
628 3339 745 3420 tepetis.

232 3455 296 3515 Hoc
323 3455 399 3514 libro
425 3459 456 3514 et
480 3457 670 3532 sequentibus
694 3458 737 3516 IX
761 3463 791 3518 et
815 3460 842 3517 X
865 3451 1004 3519 Cassium
1027 3458 1064 3518 de
1088 3477 1159 3519 usn·

143 3543 244 3602 fructu
263 3545 364 3622 legato
384 3543 492 3604 dixisse
511 3547 627 3604 certum
646 3549 700 3606 est.
738 3567 828 3624 quam
844 3550 1016 3624 legatorum
1031 3546 1164 3624 speciem
