2422 3976
391 181 416 231 4.
442 174 472 230 L.
491 174 677 231 NERATIUS
695 175 841 233 PRISCUS
1056 179 1121 246 355

131 339 248 403 wicram
273 338 354 404 dari
395 342 428 403 et
450 315 591 403 sabinus
612 342 708 424 putat
731 361 797 404 non
820 361 890 404 esse
914 340 1120 409 dandam

57 508 60 513 .
129 419 261 493 Neratius
294 449 420 512 quoque
454 426 582 493 dicebat
613 433 689 512 post
720 432 868 494 exactum
898 430 1120 496 iusiurandum

128 532 205 594 pesse
233 519 375 582 actorem
404 517 548 582 detracta
576 537 680 581 noxae
709 516 870 582 deditione
902 520 1039 602 experiri
1075 522 1117 601 [si

129 603 206 670 nodo
227 604 289 670 h'oc
312 605 496 691 contendat,
513 609 727 690 posteaquam
745 605 888 671 iuratum
907 612 956 670 est
975 611 1120 693 coepisse

133 688 159 754 in
176 697 334 777 potestate
355 694 500 775 haberet

196 804 316 866 Inclusa
337 806 431 865 rerba
454 806 577 866 Pernice
600 805 707 865 merito
731 805 809 865 eicit.

334 1031 385 1097 De
408 1032 598 1098 Publiciana
620 1033 654 1096 in
673 1052 737 1097 ram
760 1034 886 1098 actione.

195 1156 245 1222 68.
268 1156 308 1221 D.
322 1156 352 1238 6,
366 1157 397 1240 2,
411 1156 441 1241 9,
456 1156 485 1220 3.
528 1154 687 1240 Ulpianus
710 1156 794 1221 libro
818 1160 908 1220 sexto
932 1157 1056 1222 decimo
1078 1158 1118 1221 ad

57 1218 61 1285 l
119 1241 246 1310 edictum
265 1241 313 1332 (P
323 1242 427 1333 570⁶).
446 1280 491 1291 -
510 1294 534 1310 ..
559 1244 588 1309 si
610 1244 823 1310 hereditatem
843 1266 948 1310 emero
968 1250 1000 1309 et
1019 1246 1119 1310 tradi-

57 1294 62 1449 (
115 1334 175 1397 tam
195 1333 285 1436 'mihi
317 1355 385 1399 rem
417 1333 646 1437 bereditariam
678 1338 787 1418 petere
819 1334 929 1418 velim,
961 1332 1117 1400 Neratius

57 1452 59 1501 5
116 1422 220 1488 scnbrt
242 1444 312 1487 esse
335 1422 569 1488 Publicianam.

191 1534 228 1594 cf.
243 1533 308 1595 Gai.
323 1536 352 1608 4,
368 1536 409 1595 36
435 1528 537 1594 ‘datur
560 1579 589 1594 ..
612 1535 686 1594 haec
709 1534 787 1594 aetio
811 1529 865 1614 (sc.
880 1528 1071 1618 Publiciana)
1090 1536 1118 1594 ei

112 1624 160 1700 qui
182 1643 218 1683 cx
239 1623 321 1682 iusta
344 1641 434 1682 causa
456 1623 601 1682 traditam
623 1623 681 1682 sibi
704 1642 768 1682 rem
865 1617 965 1700 petit'

446 1847 496 1913 Dc
517 1868 601 1914 sarco
623 1853 773 1932 corrupto.

190 1972 243 2038 69.
266 1970 367 2054 D.11‚
377 1973 408 2053 3,
417 1973 447 2055 9,
458 1975 487 2038 3.
528 1971 689 2056 Ulpianus
712 1972 797 2037 libro
822 1973 995 2037 vicensimo
1018 1974 1115 2038 tertio

102 2061 142 2126 ad
165 2061 309 2126 edictum
331 2060 380 2146 (P.
396 2060 498 2146 703⁸).
517 2098 559 2108 —
579 2111 603 2125 ..
629 2061 828 2145 quaestionis
852 2065 910 2143 est,
933 2061 1116 2126 aestimatio

100 2156 210 2215 utrum
247 2150 316 2215 eius
352 2150 521 2215 dumtaxat
552 2149 622 2213 fieri
654 2150 783 2233 debeat,
820 2149 904 2233 quod
938 2171 1049 2214 servus
1081 2151 1117 2213 in

100 2259 236 2324 corpore
259 2239 311 2303 vel
333 2239 367 2304 in
390 2238 498 2303 animo
521 2238 631 2303 damni
655 2240 808 2323 senserit,
834 2238 896 2303 hoc
920 2243 970 2301 est
992 2242 1115 2321 quanto

99 2329 197 2395 vilior
219 2348 331 2392 servus
352 2327 459 2393 factus
483 2329 535 2411 sit,
558 2350 599 2392 an
622 2349 699 2392 vero
724 2331 756 2392 et
774 2330 961 2392 ceterorum.
999 2330 1031 2390 et
1048 2325 1116 2391 Ne-

99 2416 204 2482 ratius
238 2416 285 2480 ait
313 2415 398 2481 tanti
426 2416 703 2481 condemnandum
732 2420 970 2499 corruptorem,
1002 2416 1116 2499 quanti

99 2527 213 2571 servus
232 2505 275 2569 ob
293 2505 326 2568 id
346 2505 432 2589 quod
452 2505 622 2587 subpertus
638 2506 680 2568 sit
695 2499 894 2588 (subierit‘l),
912 2503 1048 2567 minoris
1064 2504 1116 2567 sit.

189 2629 241 2694 70.
260 2629 300 2693 Ι).
312 2630 363 2712 11,
373 2631 402 2712 3,
414 2629 454 2695 11
466 2651 513 2713 pr.
545 2627 704 2714 Ulpianus
723 2629 809 2693 libro
826 2627 1002 2692 vicensimo
1016 2627 1115 2692 tertio

99 2718 137 2783 ad
170 2718 312 2783 edictum
341 2715 390 2804 (P.
415 2715 519 2802 roob).
549 2754 587 2764 -
616 2715 770 2782 Neratius
804 2717 850 2782 ait
882 2720 997 2799 postea
1029 2716 1115 2781 furta

97 2806 187 2874 facta
211 2806 247 2870 in
271 2806 529 2871 aestimationem
552 2827 619 2870 non
642 2806 760 2870 venire.

186 2918 284 2977 Lenel
319 2918 400 2994 apud
436 2917 505 2994 Ulp.
538 2920 636 2976 notat:
673 2910 950 2993 ‘interpolationem
991 2916 1114 2976 subesse

96 3010 233 3087 apparet.
280 3002 415 3082 suspicor
447 3005 635 3067 scribendum
667 3023 746 3064 esse:
784 3005 926 3064 Neratius
959 3005 1003 3064 ait
1036 3005 1114 3064 tanti

176 3095 302 3157 minoris
325 3095 377 3172 sit,
404 3096 488 3155 furta
511 3098 608 3154 autem
632 3095 714 3153 facta
735 3095 767 3152 in
790 3094 1030 3154 aestimationem
1052 3111 1114 3151 non

95 3177 223 3247 venire?

184 3273 223 3333 In
240 3273 375 3351 Digestis
399 3276 564 3350 sequuntur
581 3272 667 3331 haec:
690 3265 793 3349 ‘quam
811 3270 992 3331 sententiam
1010 3286 1113 3328 veram

94 3357 192 3441 pnto'.
241 3364 274 3421 at
300 3361 395 3422 Lenel
422 3362 555 3421 oratione
582 3360 615 3419 in
642 3379 708 3419 eam
735 3379 812 3436 quae
841 3378 930 3436 supra
956 3355 1114 3435 proposita

96 3456 143 3512 est
178 3451 310 3511 formam
340 3451 462 3510 redacta
492 3447 656 3525 Ulpianum
687 3449 786 3524 potius
820 3448 972 3525 scripsisse
1003 3444 1112 3505 conicit

97 3534 201 3621 ‘quarn
225 3540 405 3600 sententiam
428 3539 534 3599 falsam
557 3532 652 3614 puto'.

843 3634 898 3688 23*
