2422 3976
462 147 488 197 4.
506 141 682 195 PLAUTIUS

358 362 589 441 Digestorum
610 353 664 444 (l)
687 362 783 421 libri.

154 487 201 546 De
228 484 342 546 Plautii
369 505 458 561 opere
489 507 517 547 v.
540 485 670 544 Perriniz
698 486 728 546 Z.
751 487 779 545 d.
799 485 926 547 Sam-St.
949 486 1009 545 VH
1023 489 1075 560 86,

56 576 165 636 fusius
190 574 371 634 Rendiconti
397 575 446 632 del
472 575 507 634 R.
531 573 606 633 istit.
628 575 733 634 Lomb.
761 594 817 635 ser.
835 574 866 633 ΙΙ
893 575 951 636 vol.
970 574 1075 634 XVIII

57 667 93 724 et
115 662 301 724 Riccobono:
324 663 490 722 Bullettino
514 663 583 723 dell’
598 663 720 722 Istituto
742 662 874 724 VI119.

153 749 261 828 Operis
284 770 302 809 a
324 751 442 810 Plautio
466 751 623 826 compositi
646 755 676 810 et
699 752 869 828 argumenti
892 755 923 828 et
944 752 1074 812 nominis

58 846 94 901 et
116 839 266 900 librorum
287 840 405 899 numeri
427 840 571 899 memoria
589 841 719 901 evanuit.
755 834 803 900 ‘ex
820 836 953 899 Plautio'
972 845 1074 906 autem

60 929 251 1005 scripserunt
274 929 416 1004 Traiano,
442 931 478 987 ut
501 929 634 988 conicere
657 929 735 1005 licet,
758 929 891 1005 principe
914 929 1074 988 Iavolenus

60 1017 186 1078 Priscus
218 1017 311 1076 libros
333 1016 361 1073 V
391 1009 437 1098 (P.
459 1008 661 1098 142-159),
688 1017 854 1095 Hadriano,
880 1022 916 1076 ut
943 1017 1073 1094 videtur,

60 1105 198 1182 principe
217 1105 360 1165 Neratius
381 1105 500 1165 Priscus
524 1106 639 1183 aliquot
661 1106 753 1165 libros
773 1101 819 1184 (P.
836 1098 902 1186 64),
921 1105 1073 1166 Antonino

60 1194 117 1254 Pie
148 1195 200 1253 rel
230 1194 313 1255 Diris
344 1194 489 1253 fratribus
520 1194 703 1270 Pomponius
735 1195 827 1253 libros
854 1194 914 1252 VII
942 1190 988 1274 (P.
1008 1198 1071 1257 326

60 1273 200 1363 -371),
217 1282 344 1359 denique
363 1276 412 1341 ‘ad
432 1276 596 1341 Plautium'
615 1283 710 1342 Iulius
728 1283 840 1341 Paulus
858 1286 995 1360 tempore
1013 1303 1073 1344 non

59 1373 137 1431 satis
165 1371 320 1446 explorato
344 1370 439 1430 libros
461 1370 564 1430 XVIII
587 1364 634 1451 (P.
656 1364 918 1452 1071-·1247).1
966 1373 1073 1449 quibus

58 1459 204 1537 operibus
228 1459 424 1518 Tribonianus
446 1459 478 1518 in
502 1460 711 1534 componendis
733 1461 819 1520 novis
843 1461 975 1538 Digestis
999 1479 1073 1521 usus

56 1551 121 1626 est,
149 1547 281 1623 exceptis
303 1547 419 1607 Neratii
441 1547 540 1627 libris,
564 1567 688 1624 quorum
710 1548 770 1607 nisi
792 1548 823 1607 in
845 1548 967 1624 Ulpiani
991 1551 1071 1629 frag·

58 1639 164 1696 mento
190 1655 249 1695 uno
273 1627 323 1718 (D.
344 1639 373 1713 8,
393 1639 422 1710 3,
442 1638 470 1714 5,
490 1627 524 1718 1)
546 1637 658 1696 mentio
681 1656 741 1695 non
764 1637 806 1695 fit.
842 1638 959 1714 reliqua
982 1657 1072 1714 opera

56 1725 154 1785 etiam
177 1725 208 1782 in
231 1729 387 1784 auctorum
410 1725 507 1783 indice
525 1725 718 1784 nominantur
736 1717 906 1806 (Iauoleno
925 1727 963 1785 ad
983 1728 1072 1786 Plau·

58 1814 138 1872 tium
157 1811 257 1891 βιβλία
274 1807 379 1873 πένιε’.
412 1807 610 1890 ’Πομπωνίου
629 1813 666 1871 ad
686 1814 840 1872 Plautium
857 1815 958 1893 βιβλία
975 1811 1071 1877 ἕιιιιί’.

57 1895 201 1962 Ἧαιίλοα
224 1902 263 1960 ad
287 1902 437 1961 Plautium
460 1901 561 1980 βιβλία
584 1895 764 1982 dtwourut').

150 1991 195 2048 De
222 1989 368 2050 librorum
400 1991 438 2049 ad
461 1991 616 2049 Plautium
644 1990 680 2049 iis
707 1991 883 2067 fragmentis
909 1991 1071 2052 videndum

57 2082 120 2155 est,
149 2077 259 2155 quibus
285 2098 346 2138 non
371 2078 481 2138 diserte
505 2079 553 2138 vel
575 2079 648 2138 satis
672 2082 751 2138 certe
775 2079 888 2138 Plautii
910 2081 1001 2140 verba
1024 2100 1072 2140 ex·

59 2168 233 2243 primuntur
273 2166 365 2245 idque
402 2170 549 2244 quatenus
588 2167 720 2243 priorum
756 2166 830 2226 iuris
867 2170 1071 2229 consultorum

59 2256 175 2315 mentio
198 2255 259 2314 fiat.

150 2345 252 2419 Atque
278 2342 397 2403 Neratii
423 2344 626 2420 fragmentum
653 2363 746 2403 unum
773 2344 851 2403 illud
878 2344 914 2402 ab
942 2344 1071 2419 Ulpiano

60 2434 186 2492 allatum
214 2434 259 2491 ita
285 2432 420 2491 redditur
447 2426 497 2510 (D.
518 2435 546 2510 8,
566 2434 594 2508 3,
615 2434 643 2509 5,
664 2425 710 2512 1):
742 2427 896 2491 ‘Neratius
922 2433 1008 2491 libris
1036 2453 1072 2492 ex

60 2521 181 2581 Plautio
206 2520 249 2578 ait
264 2568 271 2581 .
287 2563 316 2580 ..
332 2525 361 2580 et
383 2520 439 2580 hoc
458 2521 618 2580 Proculum
642 2524 673 2580 et
691 2521 867 2580 Atilicinum
887 2520 1071 2582 existimasse

58 2603 244 2688 (Plautius)
267 2611 317 2669 alt.
359 2609 411 2669 sed
434 2610 496 2685 ipse
521 2603 612 2670 dicit'.

150 2698 186 2756 In
218 2697 352 2757 Iavoleni
382 2698 559 2774 fragmentis
591 2698 665 2756 iuris
701 2698 906 2757 consultorum
938 2700 1072 2774 priorum

60 2805 147 2846 nemo
179 2787 334 2862 laudatur,
366 2787 417 2846 sed
448 2788 521 2845 haec
547 2789 666 2845 tantum
694 2787 849 2861 leguntur:
883 2781 1071 2863 ‘responsum

60 2870 118 2935 est'
146 2870 198 2952 (D.
213 2877 266 2952 41,
279 2877 309 2952 4,
324 2868 425 2955 4pr.)‚
453 2868 521 2934 ‘ait’
547 2875 665 2933 nomine
693 2874 802 2932 omisso
826 2866 877 2955 (D.
894 2877 944 2950 12,
960 2878 987 2951 6,
1002 2875 1071 2956 46).

148 2963 185 3022 In
213 2963 370 3039 Pomponii
401 2964 579 3037 fragmentis
612 2964 684 3021 haec
714 2963 919 3023 inveniuntur:
952 2959 1070 3025 ‘Ofilius

59 3047 172 3112 aiebat’
187 3043 237 3133 (D.
253 3053 305 3129 40,
319 3055 349 3128 4,
364 3044 471 3132 40,1),
485 3045 598 3110 ‘Labeo
613 3045 667 3110 ait’
682 3041 732 3131 (D.
744 3053 796 3128 22,
806 3054 835 3129 2,
846 3056 875 3113 2.
890 3049 1071 3132 31,11pr.),

132 3228 146 3274 1
164 3221 217 3274 Ἐκ
230 3219 355 3274 Plautio'
371 3221 542 3274 denotantur
555 3219 591 3272 ab
607 3220 725 3288 Ulpiano
739 3220 804 3274 libri
820 3219 937 3286 Neratii
951 3222 1074 3289 plerum·

58 3308 113 3360 que
134 3291 264 3346 Iavoleni
293 3308 403 3359 quoque
432 3296 461 3344 ct
484 3289 632 3359 Pomponii
658 3291 794 3360 (exceptis
818 3291 936 3360 singulis
960 3293 1070 3342 tantum

61 3360 227 3432 fragmentis
245 3360 278 3416 D.
293 3366 335 3428 45,
350 3366 376 3428 3,
390 3367 424 3414 34
444 3361 602 3416 ‘lavolenus
624 3361 697 3415 libro
721 3363 841 3416 secundo
860 3362 897 3415 ad
916 3360 1068 3415 Plautium'

61 3434 90 3486 et
110 3432 143 3488 D.
160 3440 185 3502 7,
201 3439 225 3498 1,
240 3435 274 3486 49
304 3431 484 3502 ‘Pomponius
511 3431 584 3486 libro
607 3433 727 3501 septimo
750 3433 786 3486 ad
809 3430 990 3500 Plautium'),
1022 3431 1071 3484 ‘ad

60 3502 215 3558 Plautium’
236 3519 302 3559 vero
320 3503 423 3572 ubique
442 3502 523 3557 Pauli
541 3502 615 3558 libri.
