2422 3976
98 185 168 251 214
190 185 236 241 lv.
251 185 468 241 VESPASIANI
482 185 555 242 ΤΙΤΙ
568 185 762 241 DOMITIANI
774 186 882 241 ΤΕΜΡ.
897 184 994 241 IURIS
1009 184 1111 242 CONS.

96 349 149 413 vel
179 370 294 413 navem
325 348 563 429 fabricandam,
595 349 715 433 poterit
747 348 787 412 ad
819 348 899 412 baec
926 349 1035 432 operis
1064 350 1113 414 uti

95 437 227 502 usuarii.
270 459 330 502 nec
357 438 536 503 offendetur
561 438 620 502 illa
642 434 755 502 Sabini
783 437 945 501 sententia
972 437 1113 502 ancillae

94 546 156 589 usu
183 525 260 591 dato
290 528 329 591 ad
357 527 534 592 lanificium
563 549 632 591 eam
661 547 724 590 non
747 525 835 590 mitti
858 547 917 590 nec
941 547 979 589 ex
1003 527 1112 610 operis

94 614 273 679 mercedem
293 616 373 699 capi,
397 615 453 681 scd
471 614 534 680 sibi
552 616 660 680 lanam
678 614 784 679 facere
802 614 871 678 iure
890 634 1021 698 cogere,
1046 615 1113 680 sibi

95 701 181 767 enim
205 703 310 768 facere
333 705 475 783 videtur,
498 705 553 788 qui
576 725 642 768 non
665 724 779 787 operas
803 704 871 767 eius
894 703 1031 782 locavit,
1055 704 1112 768 sed

95 812 177 875 opus
192 794 276 877 quod
292 793 446 858 conduxit
459 792 610 876 expediit.
641 793 725 856 idem
741 797 773 856 ct
785 790 968 857 Octavenus
981 793 1114 877 probat.

184 903 222 964 cf.
241 923 333 980 supra
355 905 391 962 fr.
408 909 436 964 7.

501 1023 551 1088 Dc
572 1023 699 1105 nuptias

185 1146 235 1210 11.
269 1146 306 1212 D.
325 1148 378 1231 23,
393 1148 422 1232 2,
436 1148 489 1212 44.
538 1146 657 1210 Paulus
687 1147 771 1211 libro
800 1147 905 1229 primo
934 1146 973 1210 ad
1004 1146 1114 1233 legem

93 1233 211 1298 Iuliam
235 1239 267 1299 ct
290 1235 424 1320 Papiam
446 1234 497 1321 (P.
507 1234 595 1319 929).
617 1271 655 1281 -
678 1233 763 1319 Lege
786 1234 869 1299 Iulia
893 1235 940 1298 ita
963 1241 1113 1302 cavetur:

95 1321 150 1386 ἱ..
169 1323 299 1389 cuiusve
318 1327 411 1408 pater
429 1327 571 1389 materve
590 1327 694 1388 artem
713 1324 871 1389 ludicram
890 1323 970 1388 facit
983 1323 1113 1390 fecerit'

169 1433 229 1477 nec
253 1412 478 1498 distinguitur,
504 1416 598 1496 pater
620 1412 653 1476 in
675 1416 840 1496 potestate
862 1412 984 1476 habeat
1006 1413 1114 1479 filiam

93 1522 153 1565 nec
171 1522 219 1566 ne.
251 1507 360 1565 tamen
375 1503 496 1566 iustum
511 1505 637 1584 patrem
654 1501 907 1584 intellegendum
922 1499 1113 1568 Octauenus

95 1588 155 1673 ait,
178 1593 317 1653 matrem
341 1591 439 1654 etiam
463 1590 491 1654 si
513 1589 612 1673 vulgo
636 1590 829 1672 conceperit.

185 1678 235 1743 12.
267 1677 306 1742 D.
325 1679 378 1762 23,
393 1679 422 1759 2,
436 1679 479 1743 43
489 1701 537 1762 pr.
552 1679 580 1744 3.
631 1675 791 1760 Ulpianus
820 1677 905 1741 libro
932 1676 1042 1760 primo
1071 1679 1113 1743 ad

93 1765 201 1850 legem
219 1765 335 1831 Iuliam
355 1771 388 1831 et
404 1765 539 1851 Papiam
555 1762 724 1852 (P.1979).
742 1801 786 1811 -
804 1765 918 1829 Palam
938 1769 1113 1848 quaestum

93 1854 200 1919 facere
223 1855 365 1920 dicemus
387 1877 453 1920 non
476 1859 603 1919 tantum
626 1877 708 1938 eam,
730 1875 811 1937 quae
830 1854 864 1917 in
882 1853 1058 1937 lupanario
1077 1878 1112 1920 se

93 1941 272 2027 prostituit,
290 1966 401 2009 verum
420 1944 519 2008 etiam
538 1944 565 2008 si
584 1965 647 2027 qua
666 1990 717 2006 ...
735 1941 771 2007 in
788 1942 925 2006 taberna
948 1945 1112 2027 cauponis

93 2033 144 2095 vel
169 2054 231 2116 qua
255 2033 320 2097 alia
342 2033 458 2116 pudori
481 2054 539 2097 suo
563 2053 628 2096 non
652 2031 766 2114 parcit.
806 2031 914 2114 palam
933 2035 1045 2096 autem
1064 2033 1111 2098 sic

94 2121 284 2203 accipimus:
313 2122 449 2205 passim,
474 2121 537 2185 hoc
565 2125 615 2184 cst
643 2121 712 2183 sine
741 2118 871 2200 dilectu3
899 2122 1019 2184 nonai
1048 2142 1111 2204 qua

94 2208 249 2274 adulteris
285 2211 336 2274 vel
373 2210 613 2293 stupratoribus
646 2229 679 2272 sc
712 2208 899 2289 committit,
938 2207 994 2271 scd
1029 2231 1109 2294 quae

93 2298 196 2362 vicem
216 2296 423 2381 'prostitutae
457 2299 605 2362 sustinet.
655 2298 733 2360 item
766 2295 853 2378 quod
881 2317 954 2360 eum
982 2319 1049 2362 uno
1077 2303 1110 2363 et

94 2387 199 2452 altero
222 2387 361 2472 pecunia
384 2391 515 2469 accepta
534 2384 747 2468 commiscuit,
769 2406 835 2447 non
854 2384 981 2448 videtur
999 2388 1108 2469 palam

94 2497 226 2560 corpore
264 2479 434 2560 quaestum
466 2474 580 2538 facere.
630 2472 812 2538 Octarcnus
845 2476 958 2536 tamen
991 2523 1030 2538 ..
1064 2476 1110 2539 ait

95 2565 194 2628 etiam
223 2587 306 2646 eam,
335 2585 415 2648 quae
444 2564 513 2627 sine
542 2566 677 2646 quaestu
704 2561 813 2646 palam
837 2582 871 2624 se
894 2563 1108 2648 prostituerit,

94 2652 244 2717 debuisse
266 2653 318 2716 his
337 2653 559 2716 connumerari
579 2648 636 2737 (sc.
651 2672 731 2733 quae
751 2650 822 2734 lege
841 2647 926 2714 Iulia
945 2656 1108 2736 notantur,

94 2762 173 2824 quas
210 2748 375 2805 senatores
412 2739 568 2824 liberique
605 2760 716 2802 eorum
747 2734 962 2822 prohibentur
993 2762 1107 2805 uxores

94 2827 232 2913 ducere).

93 3028 109 3085 f
183 2939 276 3049 Lenel
310 2940 430 3016 supplet
467 2932 522 2999 ‘sc
555 2956 631 3015 quae
662 2957 785 3014 corpore
816 2938 917 3011 palam
951 2945 1106 3015 quaestum

108 3028 229 3087 aciunt.

514 3147 563 3211 De
583 3146 687 3227 fortis.

185 3270 235 3335 13.
249 3270 476 3353 D.47,2‚67,1.
507 3269 628 3333 Paulus
643 3269 727 3333 libro
742 3269 880 3353 septimo
892 3269 932 3333 ad
944 3271 1105 3335 Plautium

95 3359 144 3443 (Ρ.
166 3359 275 3443 1141).
299 3397 340 3405 -
366 3357 401 3423 Si
429 3359 470 3441 is,
499 3359 550 3423 cui
576 3380 628 3422 res
657 3358 809 3441 subrepta
837 3357 893 3441 sit,
922 3358 998 3423 dnm
1025 3357 1104 3443 apud

94 3449 197 3512 furem
218 3448 270 3532 sit,
287 3447 454 3533 legaverat
473 3468 543 3510 eam
562 3447 642 3509 mihi
661 3445 741 3530 <per
757 3446 1038 3532 vindIcationem>,
1057 3469 1104 3524 an,

95 3537 124 3600 si
147 3540 261 3621 postca
283 3536 336 3600 fur
360 3558 431 3601 eam
455 3538 643 3618 contrectet,
664 3534 745 3599 furti
766 3535 927 3599 actionem
946 3533 1103 3602 habeam?
