2422 3976
379 184 404 234 4.
428 178 459 235 L.
478 177 662 235 ananelus
679 177 827 237 PRISCUS
1041 182 1107 248 305

494 376 544 443 De
565 378 712 444 societate.

188 503 235 568 34.
262 502 303 567 D.
322 504 415 587 17‚2‚
429 504 481 568 62.
525 501 722 587 Pomponius
749 503 833 568 libro
857 505 956 570 tertio
979 506 1105 574 decimo

118 587 149 652 ad
175 589 326 657 Sabinum
358 591 406 674 (P.
425 590 514 677 586).
541 629 585 638 -
618 589 652 656 Si
684 591 789 656 Titius
822 614 895 657 cum
927 617 991 678 quo
1025 596 1105 661 mihi

117 680 234 745 societas
271 685 342 746 erat
377 679 551 746 decesserit
587 701 710 766 egoque
743 700 815 745 enm
847 685 996 765 putarem
1028 684 1106 749 Titii

116 764 308 834 hereditatem
335 769 374 834 ad
398 767 507 835 Seium
530 771 706 852 pertinere,
734 770 948 834 communiter
971 794 1043 837 oum
1067 796 1105 839 eo

115 876 155 920 res
178 858 374 923 vendiderim
403 864 436 923 et
464 863 589 943 partem
612 858 764 942 pecuniae
788 880 827 922 ex
850 859 1034 925 venditione
1057 884 1105 927 re·

113 945 208 1011 daetae
237 967 313 1033 ego,
339 951 465 1030 partem
490 945 580 1012 Seius
609 946 794 1029 abstulerit,
820 951 867 1031 te,
895 950 949 1031 qui
972 970 1006 1013 re
1030 972 1106 1016 vera

57 1108 59 1113 ,
112 1030 185 1101 Titio
206 1035 300 1100 heres
323 1056 366 1119 es,
388 1039 515 1119 partem
534 1035 574 1101 ad
593 1056 644 1100 me
663 1035 811 1100 redactae
830 1038 984 1118 peouniae
1005 1040 1106 1103 sooie-

57 1148 59 1165 ¹
112 1124 178 1189 tatis
209 1124 328 1190 indicio
360 1145 427 1189 non
458 1129 704 1189 consecuturum
730 1121 866 1188 Neratio
900 1132 932 1190 et
960 1127 1106 1192 Aristoni

110 1212 257 1299 placebat,
295 1213 370 1298 qnia
406 1235 496 1278 meae
529 1212 698 1278 dumtaxat
729 1214 831 1296 partis
863 1215 968 1297 pretia
999 1237 1105 1300 perce·

57 1334 59 1357 ι
109 1301 232 1388 pissem,
258 1323 362 1385 neque
389 1298 582 1385 interesset¹,
609 1306 718 1366 utrum
745 1322 804 1385 per
826 1323 860 1366 se
883 1308 993 1386 partes
1017 1327 1104 1370 mear

108 1391 310 1456 vendidissem
330 1412 372 1455 an
388 1391 602 1456 communiter
617 1412 689 1455 oum
704 1411 751 1474 eo,
771 1391 826 1475 qui
841 1390 981 1477 reliquas
995 1397 1105 1477 partes

108 1481 140 1544 ad
157 1503 190 1545 se
208 1479 371 1564 pertinere
390 1479 520 1544 diceret.
562 1478 706 1563 alioquin
725 1481 924 1566 eventurum,
942 1484 979 1545 ut
998 1483 1106 1563 etiam,

106 1568 129 1631 si
147 1569 209 1634 dno
233 1569 314 1634 sooii
332 1588 401 1632 rem
419 1567 628 1651 vendiderint,
651 1569 869 1653 unusquisque
887 1566 1000 1654 (eius)
1020 1572 1106 1655 qnod

57 1652 59 1681 ³
106 1655 138 1720 ad
159 1680 194 1723 se
216 1656 400 1742 pervenerit
422 1660 549 1741 partem
573 1657 666 1722 alteri
690 1657 854 1722 societatis
877 1658 995 1724 iudicio
1014 1681 1106 1743 prae-

104 1748 181 1811 stare
210 1746 335 1812 debeat
381 1746 436 1810 red
463 1767 522 1810 neo
548 1750 581 1809 te
603 1768 642 1810 ex
664 1749 770 1829 parte,
798 1768 894 1832 qnam
916 1747 1105 1814 hereditatis

104 1836 255 1918 petitione
273 1834 359 1900 forte
378 1856 398 1898 a
416 1832 490 1899 Soio
509 1837 739 1900 consecuturus
759 1834 812 1918 sis,
836 1835 1008 1920 quiequam
1026 1837 1106 1903 mihi

104 1928 264 2007 praestare
287 1923 412 2006 debere,
436 1923 512 2008 quia
531 1924 615 2007 quod
635 1923 675 1987 ad
695 1922 802 1987 Seium
821 1925 1012 2009 pervenerit,
1034 1929 1105 1990 tua-

101 2032 165 2078 rum
188 2012 334 2098 partium
357 2013 498 2095 pretium
522 2013 565 2076 sit
587 2032 645 2075 neo
670 2012 709 2076 ad
733 2034 784 2076 me
805 2012 979 2077 habentem
1000 2036 1105 2079 meum

100 2103 267 2187 quiequam
291 2121 329 2165 ex
354 2122 391 2165 eo
414 2100 519 2164 redire
544 2101 668 2164 debeat.

96 2239 98 2244 -
182 2191 236 2256 35.
266 2188 306 2254 D.
327 2189 377 2272 17,
395 2189 424 2266 2,
444 2189 496 2268 52,
516 2189 566 2253 16.
616 2187 705 2253 Idem
734 2187 791 2274 (sc.
815 2186 990 2276 Ulpianus)
1021 2190 1104 2255 libro

100 2279 289 2366 trigensimo
320 2279 427 2362 primo
461 2278 501 2342 ad
534 2277 674 2343 edietum
707 2275 755 2362 (Ρ.
775 2277 878 2363 922⁶).
909 2314 946 2324 -
977 2275 1105 2343 Sosium

101 2369 249 2434 universa
270 2368 306 2431 in
325 2367 512 2432 societatem
531 2365 678 2432 conferre
696 2366 811 2431 debere
831 2366 984 2431 Neratius
1004 2367 1059 2448 ait,
1078 2369 1106 2432 si

100 2458 239 2522 omnium
264 2457 423 2521 bonorum
448 2456 554 2521 socius
573 2455 625 2519 sit.
662 2457 696 2518 et
713 2455 785 2519 ideo
806 2455 872 2519 sive
892 2454 933 2518 ob
952 2454 1104 2520 iniuriam

100 2545 157 2610 sibi
183 2546 307 2611 faatam
334 2545 386 2608 vel
413 2544 545 2629 exlege
568 2543 714 2628 Aquilia,
741 2544 808 2608 sive
831 2543 932 2627 ipsius
957 2544 1022 2607 sive
1045 2545 1105 2609 filii

100 2635 227 2720 eorpori
249 2633 393 2698 nocitum
418 2633 473 2717 sit,
498 2632 642 2698 conferre
665 2632 780 2696 debere
803 2632 976 2715 respoudit.

475 2809 526 2876 De
546 2810 729 2892 fideiussore.

183 2935 236 3001 36.
261 2934 300 2999 D.
314 2935 345 3018 4,
359 2935 389 3017 3,
405 2935 454 2999 19.
492 2934 689 3018 Papinianus
711 2933 798 2999 libro
820 2933 1011 3017 trigensimo
1036 2957 1105 3019 sep-

97 3023 176 3089 timo
191 3022 426 3100 Quaestionum
441 3022 490 3110 (P.
506 3020 596 3110 380).
612 3020 702 3086 -Si
721 3022 890 3087 fideiussor
908 3023 1102 3108 promissum

99 3112 218 3177 animal
241 3115 317 3177 ante
339 3134 465 3177 moram
489 3111 649 3195 occiderit,
673 3110 711 3175 de
734 3111 808 3176 dolo
833 3112 992 3176 sotionem
1014 3112 1103 3176 reddi

98 3200 249 3267 adversus
282 3222 355 3266 eum
388 3205 534 3286 oportere
561 3198 714 3265 Neratius
741 3199 870 3266 Priscus
900 3204 937 3264 et
959 3199 1104 3264 Iulianus

98 3290 345 3375 responderunt,
387 3291 539 3374 quoniam
579 3289 722 3353 debitore
759 3289 897 3354 liberato
934 3311 993 3374 per
1029 3309 1105 3352 oon-

95 3379 278 3464 aoquentiar
301 3377 371 3464 ipse
395 3398 521 3464 quoque
545 3378 728 3443 dimittitur.

167 3558 182 3606 1
203 3551 252 3608 Fr.
271 3552 415 3609 interesse.

148 3651 247 3702 ruram.
260 3651 377 3694 entem.
390 3652 439 3694 rell.
454 3653 488 3694 ed.
502 3653 601 3694 Bromsr.
624 3653 657 3705 11,
666 3655 684 3694 2.
859 3646 893 3694 20
