2422 3976
457 193 481 242 7.
500 187 689 243 PROCULUS
1016 188 1078 254 117

352 349 402 415 De
424 349 584 415 uerborum
606 349 795 433 oblipotioue.

158 458 184 522 l.
205 430 358 540 D.45‚1,
374 455 447 521 113.
492 455 650 522 Proculus
673 457 759 522 libro
782 457 922 522 seeundo
945 456 1080 543 Epistu-

93 542 182 610 larum.
205 581 243 592 —
270 542 354 610 Cum
378 543 553 628 stipulatus
578 545 638 608 sim
662 546 753 630 mihi,
777 545 923 629 Procule‚
948 548 975 611 si
1000 569 1081 632 opus

95 631 227 699 arbitratu
256 655 330 699 meo
359 638 434 698 ante
457 633 611 698 kalendas
634 633 745 698 Iunias
770 635 917 700 effectum
939 657 1004 700 non
1028 636 1080 720 sii,

96 740 215 807 poenum,
234 725 268 788 et
285 722 409 807 protuli
429 721 527 787 diem:
546 727 684 806 putasne
703 745 777 788 vere
796 746 847 788 me
865 745 961 807 posse
976 725 1080 789 dicere

99 808 232 877 arbitratu
260 832 333 877 meo
363 832 443 895 opus
472 811 620 876 effectum
643 831 708 876 non
733 834 803 876 esse
827 815 903 877 ente
924 811 1080 877 kalendas

98 892 188 1048 ssugies,
202 921 275 965 oum
289 899 359 984 ipse
374 899 509 964 arbitrio
524 921 596 964 meo
611 899 710 964 aliam
724 900 809 965 diem
825 901 913 984 operi
925 900 1080 966 laxiorem

113 988 231 1053 serim?

164 1074 318 1142 Proculus
341 1075 522 1160 respondit:
544 1097 607 1140 aare
629 1077 695 1142 siue
717 1096 811 1142 causa
833 1077 1082 1160 distiupueudum

99 1165 129 1224 est
148 1165 298 1250 interesse,
325 1171 431 1230 utrum
452 1186 511 1247 per
530 1166 750 1247 promissorem
772 1186 861 1230 mora
882 1186 945 1231 uara
965 1167 1082 1249 diisset,

101 1267 142 1328 quo
155 1255 256 1320 miuus
273 1273 349 1338 apres
367 1258 437 1318 arte
454 1253 601 1319 kalendas
617 1253 732 1319 quias
749 1255 803 1336 ita,
821 1255 870 1319 uti
886 1254 1082 1337 stipulatione

102 1343 320 1422 comprehensum
342 1347 416 1425 erat,
433 1344 638 1426 perficeretur,
661 1364 713 1425 au,
736 1347 804 1407 dum
825 1343 891 1407 iam
909 1363 984 1426 opus
1002 1343 1083 1424 effici

99 1443 143 1490 mu
168 1437 269 1513 posset
302 1435 372 1497 aute
402 1431 550 1496 laleudos
581 1431 709 1516 iunias,
744 1431 907 1513 stipulator
937 1433 1017 1496 diem
1048 1433 1082 1496 iu

99 1510 217 1586 temdus
244 1517 422 1603 Aupustas1
442 1520 629 1602 protulisset.
674 1541 749 1584 uam
775 1521 814 1594 si
830 1525 895 1585 mm
922 1522 1003 1585 deiero
1029 1521 1089 1585 sti·-

88 1604 195 1680 ,uram
219 1603 366 1693 proludit,
398 1629 467 1674 arm
498 1610 564 1673 iam
593 1629 670 1692 opus
696 1614 767 1673 aute
793 1609 941 1674 latemus
967 1608 1083 1675 Iunias

98 1690 155 1771 did
178 1718 240 1762 uara
262 1701 397 1781 poterat,
422 1702 496 1778 puto
512 1718 646 1779 poenam
668 1718 730 1763 esse
752 1699 944 1763 commissam
966 1718 1020 1763 uae
1041 1699 1085 1763 ad

98 1796 142 1845 rm
155 1788 315 1869 pertimere,
338 1787 419 1869 quad
439 1786 565 1869 aliquod
582 1792 697 1868 tempus
715 1791 786 1851 aute
802 1786 949 1852 lakadas
967 1787 1082 1852 Iunias

96 1864 151 1952 suit,
181 1896 238 1957 quo
269 1875 434 1959 stipulator
464 1894 527 1939 uou
558 1876 739 1940 desiderauit
768 1876 804 1940 id
833 1879 904 1940 aute
934 1875 1082 1940 kalendas

96 1952 185 2028 quias
207 1964 297 2047 effici,
319 1965 356 2028 id
376 1968 420 2029 est
440 1983 499 2045 quo
521 1984 584 2028 aaa
602 1969 647 2029 est
663 1963 833 2029 arbitralem
850 1968 886 2028 at
901 1965 987 2048 fieret
1003 1965 1084 2044 quod

94 2042 145 2122 leri
163 2073 223 2117 aaa
239 2057 370 2135 poterat.
411 2057 467 2117 aut
487 2053 517 2117 si
538 2051 592 2117 lae
612 2052 730 2133 falsum
752 2057 803 2137 est,
826 2054 919 2117 etiam
937 2054 967 2117 si
983 2054 1081 2134 stiput

94 2129 154 2202 lator
171 2143 278 2223 pridie
304 2141 451 2206 lraleudas
473 2140 588 2205 iuuias
612 2145 751 2206 mortuus
773 2146 858 2223 esset,
879 2162 983 2224 poema
1005 2161 1082 2206 aare·

92 2225 166 2293 ussa
182 2250 246 2294 aaa
264 2234 347 2313 esset,
368 2231 515 2311 quomam
533 2234 672 2294 mortuus
690 2230 840 2294 arbitrari
857 2251 920 2293 uou
936 2231 1082 2311 potuisse-

88 2315 110 2375 d
137 2318 260 2400 aliquod
290 2322 407 2400 tempus
431 2322 505 2400 post
534 2322 661 2382 mortem
692 2319 758 2382 eius
789 2319 872 2399 operi
899 2319 1083 2401 perficiendo

90 2407 278 2486 superfuisset.
332 2412 362 2471 et
389 2408 611 2489 propemodum
646 2407 739 2470 etiam
774 2407 803 2470 si
834 2411 906 2470 arete
936 2406 1084 2470 lsaleudas

86 2487 183 2560 quias
205 2493 338 2560 eertum²
360 2515 423 2560 esse
445 2497 540 2578 eoepit
557 2515 632 2577 opum
649 2500 720 2560 aute
738 2515 805 2559 eam
823 2496 904 2559 diem
922 2495 1004 2576 effici
1021 2514 1083 2558 aaa

80 2597 168 2663 passe,
184 2605 288 2667 poema
310 2584 471 2649 commissa
493 2588 545 2648 est.

362 2723 412 2789 De
434 2726 582 2808 emptione
608 2725 786 2791 reuditioue.

155 2832 184 2898 8.
194 2828 636 2911 Ibid.§l.-Oumvenderet
646 2831 773 2914 aliquis,
783 2831 934 2916 promisit
945 2832 1082 2915 emptori

79 2918 277 2985 fideiussores
301 2921 461 3004 praestari
486 2925 518 2984 et
540 2942 609 2984 rem
633 2920 796 3002 venditam
820 2920 959 2984 liberari.
1001 2942 1083 3004 quae

79 3012 109 3074 ut
134 3009 305 3093 liberetur,
331 3029 417 3072 nuno
440 3008 602 3074 desideret
625 3012 760 3092 emptor.
800 3009 834 3074 in
858 3030 950 3073 mora
973 3015 1024 3072 est
1045 3010 1084 3090 is,

79 3097 126 3182 qui
148 3120 187 3163 es
210 3097 421 3181 stipulatione
444 3097 477 3162 id
501 3097 645 3162 futurum
663 3098 824 3181 promisit.
865 3119 983 3181 quaero
1007 3097 1084 3181 quid

80 3186 147 3250 uris
171 3186 223 3250 sit.

154 3274 311 3339 Prooulus
343 3274 522 3356 respondit:
556 3277 637 3340 lauti
664 3276 746 3340 litem
774 3276 934 3341 aestimari
961 3276 1084 3354 oportet,

79 3365 179 3446 urauti
201 3362 315 3427 autoris
336 3363 468 3428 interest.

138 3489 151 3536 1
173 3483 223 3538 Fi.
242 3483 370 3537 kalendis
388 3482 534 3553 Augustis.

137 3560 153 3607 2
172 3554 224 3610 Fl.
242 3553 375 3609 futurum.
