2422 3976
94 193 161 257 274
196 190 229 245 V.
248 189 398 246 NERVAE
417 190 465 247 ΕΤ
483 190 636 246 TRAIANI
654 192 762 248 TEMP.
781 191 877 248 IURIS
895 191 1072 250 corisum

96 363 145 423 vel
173 359 349 439 glossatoris
378 359 426 418 vel
449 360 622 426 Triboniani
650 380 771 420 manum
801 361 987 439 suspioantas
1009 353 1060 444 (D.
1078 365 1117 439 3,

95 454 125 528 3,
141 452 191 511 76.
220 448 255 507 Ι).
275 449 327 527 46,
342 449 372 524 8,
392 441 448 530 23)
467 449 633 508 Mommsen
656 451 802 526 probante
825 449 981 529 Kruegero
999 471 1027 527 p.
1043 453 1109 511 161

93 559 122 600 n.
144 541 205 598 121
236 529 394 596 ‘Iulianus'
423 540 493 597 ante
521 532 697 612 ‘respondit'
724 537 810 615 quasi
832 539 986 617 glossema
1009 540 1114 599 delen·

94 628 167 688 dum
190 628 303 700 661661,
331 626 423 684 Lena]
450 645 521 686 vero
544 629 643 686 notat:
677 622 802 705 potest,
829 630 865 687 ut
891 627 975 689 Trib.
999 629 1113 689 omissa

95 715 211 777 Minioii
243 713 380 788 opinione
413 714 524 774 Iuliani
552 714 775 776 adnotationem
805 715 853 776 his
881 716 983 778 verbis
1014 718 1109 778 intro·

95 797 235 867 duxerit'.
259 797 407 881 ‘dagegen
425 798 564 880 mdohte',
587 803 687 882 inquit
701 804 846 882 Krueger,
870 797 918 865 Ἱ).
937 807 988 883 17,
1007 808 1036 885 1,
1054 806 1109 867 331

96 896 233 973 Rogatus
331 892 466 951 Iulianus
488 892 589 953 verius
611 895 702 969 putat
722 912 781 953 von
805 893 863 952 den
880 893 1109 971 Kompilatoren

164 984 242 1043 trotn
266 980 318 1041 der
341 980 521 1057 inseription
545 981 629 1040 nieht
651 1001 707 1042 aua
729 981 864 1041 Iulianus
893 983 932 1042 ad
954 982 1108 1043 Minioinm

95 1074 203 1148 selbot,
231 1070 361 1130 sondern
388 1087 441 1128 aus
470 1068 550 1128 einer
577 1072 716 1147 spateren
740 1070 935 1150 Anfdhnmg,
959 1074 1039 1132 etwa
1059 1070 1108 1130 bai

95 1162 215 1238 Ulpian,
237 1161 426 1220 entnommen
445 1152 527 1219 sein'.
560 1158 654 1218 Lenel
671 1178 742 1219 vero
762 1160 925 1237 genuinam
943 1161 1107 1221 orationem

94 1252 171 1310 hano
195 1249 288 1308 fnisse
312 1247 435 1307 oonioit:
460 1241 531 1307 ‘non
552 1250 678 1308 tenetur.
715 1248 865 1308 Iulianus:
888 1249 991 1311 verius
1012 1242 1104 1325 pnto'.

95 1343 261 1416 utcumque
280 1337 354 1396 hneo
376 1354 424 1396 166
448 1336 607 1414 sehabet,
630 1336 707 1396 illud
724 1355 778 1412 pro
807 1340 889 1397 oerto
914 1338 1105 1398 statuendum

98 1434 158 1506 est,
182 1426 261 1503 quod
281 1425 419 1503 Krueger
441 1425 566 1484 iudioat:
589 1419 820 1486 ε0617760166]
842 1427 991 1486 zwisohen
1013 1427 1104 1486 erster

94 1516 158 1576 und
182 1514 293 1574 dritter
322 1514 433 1573 Person
456 1528 508 1572 ·...
531 1513 615 1591 giebt
641 1514 749 1573 keinen
770 1514 887 1574 Anhalt
914 1515 1015 1593 dafdr,
1043 1514 1102 1574 deis

95 1605 143 1664 dio
179 1606 257 1662 61616
289 1602 402 1662 Ρ61601
434 1602 490 1661 auf
517 1601 617 1661 Iulian
653 1596 755 1683 gahe'3
790 1621 887 1680 neque
923 1604 1024 1664 minus
1058 1620 1100 1661 oa-

95 1691 225 1752 vendum
276 1709 340 1750 esse
390 1708 505 1764 censeo,
551 1709 589 1750 ne
633 1691 725 1750 verba
770 1685 949 1771 ‘respondi’,
1001 1683 1101 1768 ‘putot

96 1774 176 1859 ‘ego'
203 1779 321 1856 aliaque
349 1779 482 1838 eiusdem
514 1779 631 1857 generis
659 1781 759 1840 omnia
785 1780 823 1839 ad
851 1780 1008 1840 Minioium
1032 1779 1099 1839 refe-

97 1871 212 1928 rantur.

183 1957 333 2034 Equidem
355 1974 391 2016 ea
413 1959 569 2030 commata,
592 1956 623 2014 in
642 1958 749 2032 quibus
768 1957 894 2034 legitur:
920 1952 1032 2020 ‘verius
1050 1949 1099 2018 est'

96 2041 149 2127 (D.
161 2049 212 2124 33,
224 2048 252 2122 5,
265 2048 314 2106 12.
334 2047 425 2124 41,4,
436 2048 464 2106 8.
484 2046 537 2123 41,
549 2048 576 2122 7,
588 2036 632 2127 7),
654 2047 754 2121 potius
777 2044 895 2106 Iuliano
917 2045 1098 2108 attribuendo

95 2136 208 2211 iudico,
245 2134 372 2194 fortasse
407 2152 442 2193 61
474 2153 605 2212 quoque,
640 2135 673 2193 in
705 2134 813 2212 quibus
844 2136 921 2195 talia
951 2137 1097 2215 leguntur:

97 2218 231 2300 ‘poterit'
260 2215 309 2303 (D.
327 2226 376 2297 19,
393 2226 421 2300 1,
436 2217 507 2304 29),
537 2217 608 2282 ‘non
635 2217 759 2299 poterit'
786 2216 950 2305 (1).46,1,
969 2217 1037 2306 19),
1061 2217 1096 2281 ‘ss

95 2307 242 2372 tuebitur'
262 2309 311 2390 (D.
324 2312 374 2388 24,
386 2316 414 2388 1,
425 2304 481 2390 39)
501 2311 678 2388 similiaque,
696 2331 750 2372 neo
769 2313 868 2372 minus
887 2333 931 2391 ea,
949 2313 984 2372 in
1002 2313 1096 2391 quibus

95 2402 236 2475 traditur,
259 2398 330 2476 quid
353 2393 511 2476 ‘plerique'
535 2401 705 2459 existiment
727 2393 776 2479 (D.
790 2405 840 2478 17,
852 2404 943 2475 1,33.
962 2404 1052 2479 41,4,
1061 2392 1096 2479 8),

97 2492 181 2551 01116
205 2488 323 2566 generis
347 2489 443 2547 multa
466 2488 497 2547 in
520 2489 629 2548 Iuliani
651 2489 737 2549 libris
761 2490 913 2568 leguntur.

184 2578 228 2638 Ut
250 2578 287 2637 ad
311 2577 410 2653 ipsum
432 2577 596 2651 redeamus,
614 2577 769 2638 Minicium
789 2578 925 2655 priorum
947 2579 1095 2639 11116001-

97 2669 257 2740 saliorum,
294 2666 429 2742 inprimis
459 2665 561 2726 Sabini
595 2668 629 2725 et
656 2665 760 2744 Cassii,
793 2685 939 2743 responsa
971 2669 1095 2728 attulisse

95 2756 241 2813 videmus.
298 2756 372 2814 haee
412 2755 491 2814 onim
526 2756 682 2830 leguntur:
729 2749 886 2814 ‘Sabinum
922 2756 1096 2833 respondisse

96 2842 234 2901 Minicius
261 2836 366 2902 refert'
394 2844 430 2902 D.
447 2845 540 2921 19,1,
557 2845 620 2917 6,4
644 2844 746 2920 Pomp.
793 2838 951 2904 ‘Sabinum
978 2846 1096 2905 refertur

97 2926 292 2991 existimasse'
311 2931 348 2991 D.
363 2934 414 3008 40,
432 2935 482 3008 12,
496 2935 538 2993 30
561 2932 667 2992 Iulian.
678 2933 697 2990 l.
709 2932 744 2992 V.
782 2927 924 2994 ‘Sabinus
943 2922 1095 3011 respondit'

95 3020 132 3080 D.
155 3021 209 3096 12,
229 3025 261 3097 1,
287 3022 327 3078 22
356 3020 414 3079 Iul.
436 3022 456 3080 l.
478 3020 529 3080 IV.
587 3015 683 3080 ‘ouius
711 3015 766 3101 (so.
791 3015 908 3102 Sabini)
942 3021 1095 3082 sententiaa

97 3107 217 3168 Cassius
246 3127 362 3184 quoque
391 3104 447 3169 est'
471 3110 505 3169 D.
521 3112 573 3185 40,
590 3111 639 3187 12,
655 3112 697 3169 30
719 3110 775 3168 111.
791 3111 810 3169 1.
825 3110 861 3168 V.
901 3105 1034 3172 ‘Cassius
1053 3127 1094 3169 ne·

97 3192 192 3274 gavit'
215 3197 251 3256 D.
264 3200 314 3269 19,
326 3198 354 3272 2,
366 3198 406 3255 32
426 3197 483 3257 Iul.
494 3199 513 3258 l.
523 3198 574 3258 IV.
611 3199 642 3256 in
666 3198 733 3257 aliis
755 3200 908 3259 nonnullis
932 3196 1095 3278 fragmentis

96 3286 171 3345 iuris
204 3285 408 3345 consultorum
440 3286 575 3362 priorum
606 3287 726 3345 nomina
754 3306 772 3347 a
800 3288 983 3349 Triboniano
1011 3289 1095 3348 deleta

98 3392 162 3433 esse
181 3373 343 3432 verisimile
362 3377 415 3433 est.
454 3376 506 3433 sed
524 3376 645 3452 propria
664 3395 781 3452 quoque
796 3394 939 3453 responsa
952 3376 1094 3438 Minicium

98 3462 246 3522 addidisse
283 3462 329 3520 his
361 3463 518 3538 probatur:
556 3459 704 3524 ‘Minicius
736 3465 940 3544 interrogatus
1058 3480 1095 3523 rs-

97 3550 218 3626 spondit
306 3550 443 3610 Iulianus
465 3555 551 3612 notat
575 3547 629 3613 ...²
652 3553 688 3611 D.
705 3555 732 3629 6,
749 3556 777 3630 1,
793 3555 832 3613 61
857 3555 909 3616 lib.
919 3555 970 3617 VI.
1007 3550 1094 3632 ‘quaa-
