2422 3976
154 191 174 253 6
206 191 251 245 Ill.
266 191 341 246 clu
356 191 504 247 CLAUDII
518 191 654 247 Nason.
669 190 814 246 GALBAE
829 191 1159 248 Taue1calscons

381 358 421 418 Il.
452 359 501 417 De
524 359 810 434 usucapionibus
833 360 930 420 libri.

239 481 295 542 His
314 482 397 541 libris
416 500 435 541 a
449 482 614 559 Papiniano
628 484 760 543 laudatis
776 477 825 563 (D.
836 486 887 562 41,
904 487 932 561 2,
946 475 1014 565 47),
1033 504 1160 561 quorum

150 590 307 630 numerum
317 571 473 647 nescimus,
484 571 676 632 attribuenda
685 573 826 633 videntur
839 592 914 649 quae
929 573 965 632 de
974 574 1160 648 possessione

150 658 283 718 Nervam
305 660 414 719 dixisse
436 660 570 722 tradunt.
615 661 719 739 itaque
743 682 809 722 eum
833 666 864 720 et
886 662 1029 739 priorum,
1054 682 1097 723 ex.
1117 681 1161 738 gr.

151 747 300 808 Labeonis
314 741 365 830 (D.
377 750 428 826 41,
440 752 468 827 2,
481 751 546 827 1,4.
570 752 621 826 41,
632 753 661 826 2,
676 752 727 809 47.
742 748 794 810 42.
819 743 924 832 317),
949 756 979 810 11
993 769 1048 809 sua
1066 751 1161 826 ipsius

151 856 293 913 responsa
315 837 361 896 his
384 839 469 897 libris
492 839 651 898 inseruisse
675 843 800 915 apparet
824 832 874 919 (D.
889 842 939 912 41,
956 842 985 915 2,
1001 841 1029 915 3,
1046 834 1113 920 17).

241 939 268 1003 1.
300 939 339 1004 D.
358 939 410 1019 41,
430 940 459 1023 2,
480 941 508 1022 1,
528 941 558 1003 1.
606 938 727 1004 Paulus
758 941 840 1004 libro
870 941 1161 1025 quinquagensimo

151 1031 264 1109 quarto
293 1028 333 1091 ad
361 1027 500 1093 edictum
528 1026 578 1114 (Ρ.
599 1026 688 1114 656).
713 1065 751 1076 -
777 1029 965 1093 Dominium
994 1079 1025 1093 ..
1053 1050 1161 1092 rerum

150 1136 188 1178 ex
212 1121 271 1181 nat
257 1118 354 1181 111111
376 1116 579 1200 possessione
602 1118 745 1200 coepisse
768 1116 877 1182 Nerva
899 1117 983 1181 filius
1008 1117 1055 1181 ait
1079 1118 1162 1181 eius-

150 1226 210 1288 que
237 1206 285 1270 rei
312 1206 486 1290 vestigium
513 1227 678 1270 remanere
705 1207 740 1270 in
767 1206 831 1284 his,
860 1228 941 1290 quae
968 1209 1055 1270 terra
1079 1206 1162 1269 mari

150 1294 300 1396 caeloque
331 1295 515 1380 capiuntur3
546 1316 621 1359 nam
649 1295 728 1359 haec
755 1257 903 1379 protinus
931 1316 1043 1358 eorum
1070 1295 1162 1378 fiunt,

150 1383 205 1464 qui
228 1383 324 1466 primi
346 1384 585 1466 possessionem
608 1405 719 1449 eorum
743 1383 1020 1467 adprehenderint.

237 1491 354 1552 111111.
369 1496 397 1567 2,
412 1496 462 1554 66.

236 1595 266 1658 2.
299 1593 338 1658 D.
357 1593 433 1658 ibid.
453 1597 472 1673 ξ
492 1595 521 1658 3.
550 1631 592 1640 -
620 1643 655 1660 ..
683 1594 795 1659 Ofilius
823 1644 853 1660 ..
881 1599 914 1659 et
938 1594 1047 1660 Nerva
1075 1596 1161 1660 filius

149 1681 246 1745 etiam
271 1683 341 1746 sine
363 1685 481 1746 tutoris
506 1685 699 1748 auctoritate
720 1684 884 1767 possidere
903 1685 1044 1768 incipere
1063 1706 1162 1767 posse

147 1770 306 1853 pupillum
335 1770 438 1854 aiunt,
466 1793 538 1834 eam
566 1773 651 1835 enim
679 1794 746 1836 rem
769 1773 861 1857 facti,
888 1795 953 1839 non
977 1774 1057 1838 iuris
1081 1794 1162 1839 esse.

237 1861 266 1924 3.
299 1858 339 1923 D.
353 1859 430 1924 ibid.
445 1861 464 1940 ἕ
482 1862 531 1924 14.
554 1858 681 1924 -Ρ11
710 1883 838 1925 servum
866 1861 921 1944 qui
949 1863 982 1926 in
1005 1861 1084 1946 fuga
1108 1862 1162 1947 sit,

147 1947 230 2012 nihil
260 1969 355 2031 posse
387 1969 446 2012 nos
473 1949 638 2031 possidere
665 1947 774 2014 Nerva
800 1950 886 2014 filius
916 1950 975 2035 ait,
1007 1950 1084 2015 licet
1112 1972 1163 2015 re·

148 2037 352 2120 spondeatur,
375 2037 529 2120 quamdiu
553 2037 594 2102 ab
618 2037 681 2101 alio
704 2059 770 2101 non
791 2039 1002 2120 possideatur,
1026 2039 1161 2104 anobis

148 2146 220 2188 eum
243 2125 402 2207 possideri
425 2127 561 2210 ideoque
584 2126 715 2190 interim
739 2127 836 2191 etiam
860 2128 1001 2211 usucapi.

237 2214 267 2279 4.
290 2213 329 2278 D.
339 2214 506 2296 ibidem.
522 2251 564 2260 —
579 2214 758 2299 Municipes
776 2238 832 2297 per
851 2238 884 2279 se
900 2216 981 2279 nihil
995 2215 1161 2298 possidere

147 2305 294 2386 possunt,
317 2304 393 2387 quia
416 2304 558 2368 universi
581 2305 763 2369 consentire
781 2326 847 2369 non
866 2309 1011 2387 possunt.
1053 2304 1161 2370 forum

149 2395 257 2454 autem
281 2395 314 2455 et
337 2393 503 2456 basilicam
526 2391 641 2475 hisque
665 2391 783 2456 similia
807 2415 871 2457 non
893 2394 1075 2477 possident,
1104 2393 1161 2457 sed

147 2480 327 2562 promiscue
346 2479 398 2544 his
417 2484 559 2544 utuntur.
597 2481 651 2545 sed
665 2480 772 2546 Nerva
785 2482 870 2545 filius
886 2483 941 2565 ait,
960 2503 1016 2565 per
1031 2503 1162 2546 servum

147 2589 229 2651 quae
248 2570 450 2652 peculiariter
470 2569 680 2652 adquisierint
699 2573 732 2633 et
749 2571 914 2652 possidere
934 2575 966 2634 et
984 2592 1160 2654 usucapere

146 2677 250 2740 posse.

236 2744 265 2810 5.
297 2745 335 2809 D.
352 2746 404 2830 41,
419 2747 493 2832 2,3,
508 2746 558 2810 13.
608 2745 729 2812 Ρ11111
757 2747 840 2817 libro
868 2748 1160 2832 quinquagensimo

148 2838 262 2917 quarto
282 2833 322 2897 ad
341 2833 480 2899 edictum
495 2833 544 2919 (Ρ.
554 2832 656 2921 658⁰).
673 2873 712 2882 —
728 2835 837 2900 Nerva
855 2836 939 2900 filius
956 2857 1006 2899 res
1022 2837 1161 2900 mobiles

148 2926 280 3005 excepto
311 2922 455 3007 homine,
488 2928 645 3008 quatenus
679 2923 738 2988 sub
771 2925 916 2988 custodia
943 2929 1055 2989 nostra
1084 2925 1161 3008 sint,

147 3009 303 3075 hactenus
315 3012 481 3097 possideri,
495 3012 527 3076 id
538 3018 588 3078 est
598 3017 763 3097 quatenus,
779 3013 806 3076 si
815 3014 962 3097 velimus,
976 3014 1159 3078 naturalem

147 3100 385 3183 possessionem
422 3103 563 3166 nancisci
599 3103 769 3184 possimus.
824 3124 900 3165 nam
932 3122 1029 3185 pecus
1063 3101 1175 3166 simul'

148 3191 246 3272 atque
278 3189 476 3254 aberraverit
508 3194 565 3254 aut
597 3212 654 3254 vas
684 3191 732 3254 ita
759 3189 923 3272 exciderit,
955 3194 992 3254 ut
1018 3213 1084 3255 non
1113 3191 1161 3254 in·

148 3277 309 3360 veniatur,
337 3278 486 3360 protinus
515 3279 659 3343 desinere
683 3280 818 3343 anobis
841 3277 1014 3363 possideri,
1042 3279 1118 3343 licet
1142 3302 1161 3343 a

147 3366 237 3429 nullo
264 3367 479 3452 possideatur,
512 3366 713 3432 dissimiliter
741 3371 838 3450 atque
867 3367 895 3431 si
923 3367 982 3430 sub
1011 3368 1160 3432 custodia

148 3475 220 3516 mea
253 3453 296 3518 sit
327 3477 385 3520 nec
417 3456 601 3521 inveniatur
629 3455 720 3540 [quia
748 3456 933 3538 praesentia
960 3456 1028 3520 eius
1058 3456 1101 3520 sit
1128 3460 1161 3521 et

148 3544 275 3607 tantum
300 3549 405 3609 cessat
429 3545 560 3609 interim
584 3543 721 3628 diligens
745 3544 934 3627 inquisitio}
