2422 3976
93 192 159 257 408
196 192 229 248 V.
247 189 398 246 NERVAE
417 189 463 244 ΕΤ
481 188 633 245 ΤΒΑΙΑΝῙ
651 188 759 245 ΤΕΜΡ.
777 187 876 244 IURIS
895 189 1076 246 CONSULTI

94 376 150 421 sua
181 375 219 420 eu
249 356 315 419 dote
347 351 448 419 diotu¹
477 354 640 436 peeuuiam
671 353 805 436 debehat,
835 353 940 418 uirum
969 352 1107 419 heredem

93 445 139 509 ita
166 444 355 521 instituerat,
382 443 412 507 si
438 463 506 507 eam
527 443 708 525 peuemam,
736 462 830 525 quam
858 443 925 507 aaa
954 437 1107 522 dixr'sset',

93 553 189 615 meque
208 532 335 614 petisset
355 551 450 613 ueque
477 531 627 613 eaeaisset.
668 536 753 613 puto,
774 531 804 595 si
825 531 876 595 air
898 532 1108 597 denuntiasset

94 622 199 687 ceteris
224 620 381 686 heredibus
402 640 462 703 per
482 640 515 685 se
536 639 600 684 uau
621 624 717 704 stare,
741 640 800 701 quo
822 619 929 684 miuus
952 625 1105 703 ammaim

92 711 206 791 faceret
222 710 258 774 id
272 710 353 791 quad
370 729 407 774 ea
425 710 492 775 date
508 709 569 774 sihi
585 708 747 792 deberetur,
766 709 871 773 statim
886 728 957 772 eum
970 709 1104 774 heredem

92 799 244 881 futurum.
294 799 376 881 quod
404 798 434 862 si
464 798 547 862 sotus
578 797 663 862 heres
693 797 853 862 institutus
884 801 963 862 esset
988 799 1024 862 iu
1051 796 1105 862 tati

94 888 275 966 audicione,
288 886 387 951 uihito
401 887 506 951 miuus
512 891 590 969 pato
604 887 709 951 statim
722 907 790 950 eum
804 885 942 950 heredem
953 886 1104 968 summm,

95 979 171 1059 quia
197 974 362 1052 ἀδύνατος
389 976 524 1041 aaudiaio
547 995 606 1056 pro
632 995 696 1040 uam
717 975 833 1057 seripta
855 975 1036 1056 accipienda
1056 977 1102 1039 est

185 1066 235 1129 17.
264 1063 303 1128 D.
326 1063 441 1144 thies
464 1066 490 1128 1.
514 1099 556 1110 -—
579 1062 617 1128 Si
642 1065 713 1145 quis
739 1062 961 1128 hereditarium
988 1082 1102 1129 sarum

94 1154 197 1219 iussus
219 1159 263 1218 est
284 1155 498 1218 manumittere
519 1156 548 1216 et
569 1151 653 1217 heres
675 1172 749 1232 esse,
772 1153 923 1234 mamam,
944 1154 975 1217 si
997 1171 1100 1217 mauu·

94 1244 221 1325 miserit,
239 1242 320 1307 uihit
337 1247 419 1325 apat,
438 1247 539 1306 tamea
557 1240 642 1306 heres
660 1241 734 1320 erit‚·
752 1261 858 1305 aerum
875 1246 921 1306 est
936 1242 1022 1306 euim
1038 1259 1100 1305 eum

95 1332 321 1396 manumisisse.
361 1332 415 1396 sed
442 1334 515 1414 past
549 1331 717 1395 aditionem
754 1330 879 1395 libertas
915 1349 1003 1395 serva
1033 1330 1099 1394 data

94 1421 261 1485 secumdum
282 1421 468 1485 volumtatem
491 1420 640 1484 testatoris
661 1419 848 1484 aauudeseit.

188 1509 236 1573 18.
266 1507 302 1572 D.
317 1508 391 1573 ibid.
407 1511 426 1589 ξ
442 1508 471 1572 2.
490 1544 533 1554 -
551 1507 589 1573 Si
610 1509 681 1589 quis
699 1512 726 1571 te
743 1506 879 1572 heredem
897 1508 944 1572 itu
962 1505 1094 1587 instituit,

95 1598 124 1662 si
154 1617 186 1662 se
211 1597 346 1662 heredem
373 1598 557 1662 instituisses
583 1602 640 1662 aut
665 1597 742 1677 quid
766 1596 826 1661 sibi
853 1597 996 1679 hepasses,
1025 1591 1096 1660 uihit

96 1687 232 1762 interest,
263 1706 322 1767 qua
345 1687 448 1768 pradu
475 1687 503 1751 is
529 1707 550 1750 a
575 1689 603 1750 te
624 1685 709 1750 heres
731 1686 897 1757 institutus,
912 1686 960 1750 ael
981 1680 1094 1771 quidet

97 1775 228 1858 lepatum
249 1776 302 1852 sit,
329 1775 492 1840 dummodo
513 1775 616 1855 ahiam
636 1775 739 1858 produ
762 1775 796 1839 id
817 1779 845 1838 te
865 1774 972 1854 secisse
987 1771 1094 1858 proba.

188 1862 237 1927 19.
266 1862 305 1927 D.
329 1864 381 1945 29,
400 1864 429 1946 2,
448 1864 500 1928 64.
524 1862 760 1927 -Iavolenus
788 1863 872 1928 libro
902 1862 1037 1928 seeundo
1060 1877 1091 1922 ex

97 1951 330 2035 posterioribus
340 1950 509 2016 Labeonis.
523 1989 566 1999 —
581 1951 693 2016 Seruus
706 1954 837 2016 duorum
850 1951 936 2016 heres
949 1951 1091 2017 emaum
1133 1997 1135 2012 .

96 2046 126 2106 et
151 2038 297 2106 cernere³
328 2042 444 2124 iussus,
475 2042 504 2106 si
535 2041 663 2110 alterius
690 2042 809 2105 domiui
835 2042 923 2106 iussu
950 2029 1089 2114 ererum,
1132 2041 1135 2099 ἑ

97 2131 204 2196 deiude
233 2131 443 2194 manumissus
471 2131 580 2210 fuerit,
608 2131 722 2210 poterit
752 2131 815 2212 ipse
842 2125 1038 2213 [adeuudoi]
1060 2139 1089 2186 ea

91 2225 184 2300 purte
205 2219 337 2283 dimidia
359 2216 443 2282 heres
465 2238 535 2283 esse.

507 2395 556 2460 De
579 2397 693 2478 hepatis.

422 2517 467 2574 De
489 2535 546 2575 usu
568 2519 665 2590 fructu
688 2518 786 2591 hepate.
1133 2474 1135 2546 !

186 2627 238 2691 20.
266 2625 305 2690 Ι).
325 2627 376 2710 33,
396 2627 425 2708 2,
440 2627 482 2691 30
497 2649 542 2710 pr.
593 2626 761 2690 lavolenus
789 2626 873 2689 libro
903 2624 1036 2691 seeundo
1058 2635 1086 2680 0¹

98 2715 332 2797 posterioribus
364 2714 533 2780 Labeonis,
565 2752 607 2760 -
640 2714 699 2779 Oui
735 2733 810 2780 usus
839 2715 962 2795 fruetus
992 2713 1086 2796 aqam

98 2808 184 2880 esset,
212 2806 304 2869 dauea
330 2806 358 2868 ei
386 2806 477 2869 tatius
503 2806 582 2868 datis
608 2805 780 2885 satisfieret,
808 2823 877 2867 eum
901 2806 929 2867 ei
950 2804 1030 2868 heres
1044 2795 1086 2878 (d

92 2890 205 2975 parte>
222 2913 282 2973 pra
304 2914 363 2958 sua
379 2899 472 2974 parte
494 2894 570 2958 satis
588 2894 722 2970 dedisset,
745 2893 886 2974 quamuis
904 2893 1013 2974 reliqui
1028 2883 1086 2953 satit

98 3001 160 3044 uau
185 2982 307 3062 dareut,
335 2987 436 3046 tarueu
454 3003 513 3064 pra
537 3003 572 3044 ea
590 2986 681 3062 parte
703 3001 794 3045 usum
815 2980 953 3059 fructum
975 2979 1086 3045 marat

98 3068 206 3133 hahere
223 3071 381 3135 mutierem
399 3073 446 3134 ait
462 3071 571 3135 Labea.
603 3072 684 3135 idem
701 3071 770 3150 fieri
789 3074 817 3134 et
833 3071 863 3134 si
874 3091 934 3151 per
951 3068 1085 3133 mutarem

98 3180 187 3222 mara
209 3160 306 3239 fieret,
329 3181 387 3241 pua
411 3161 515 3224 miuus
537 3161 614 3223 satis
637 3161 788 3240 aeeiperet.

188 3248 239 3311 21.
263 3245 302 3310 D.
317 3248 425 3328 ibid.§
444 3252 469 3312 l.
489 3285 531 3294 -
551 3248 662 3313 Calama
682 3268 737 3312 suo
756 3248 899 3312 domiuus
917 3267 1005 3313 usum
1018 3241 1084 3324 sith

100 3341 165 3400 tum
186 3336 288 3415 fuudi,
311 3357 399 3417 quem
423 3339 450 3401 is
472 3338 592 3419 edehat,
616 3339 782 3419 tepauerat:
804 3341 880 3419 apat
900 3337 1017 3401 eatouus
1032 3341 1083 3393 dm

173 3499 186 3544 1
209 3493 283 3546 Trib.
302 3490 477 3560 promissam.
550 3499 565 3546 2
587 3494 663 3549 Trih.
681 3491 865 3563 promisisset.

170 3569 186 3616 3
209 3563 284 3618 Trih.
302 3562 388 3618 adire.
460 3571 477 3617 4
496 3564 570 3618 Trib.
591 3563 700 3619 adierit.
