2422 3976
479 159 505 207 3.
523 151 684 207 MINIOIUS
1021 152 1084 216 271

97 317 169 400 sequi
195 315 367 400 deb<ebat,
394 314 491 399 quia>
519 336 558 378 ex
585 315 631 379 eis
660 315 744 378 inter
773 337 852 399 quos
876 337 942 381 non
965 320 1015 381 est
1037 338 1088 382 eo·

96 405 223 490 nubium,
254 405 309 490 qui
330 403 488 487 nascitur,
511 404 578 467 iure
602 405 747 487 gentium
770 405 883 469 matris
907 404 1087 470 eondioioni

97 496 207 561 uestit.
254 516 319 580 qua
345 497 438 577 parte
461 496 569 556 autem
592 492 683 556 iubet
705 493 756 556 lex
784 514 823 556 ex
847 495 915 558 eive
938 492 1086 559 Romano

97 586 120 644 et
144 583 313 670 peregrina
345 581 552 666 peregrinum
583 581 687 664 nasei,
720 601 917 665 supervacua
949 583 1087 667 ridetur3

96 688 156 736 mm
189 676 222 736 et
257 676 384 736 remota
420 691 457 733 ea
494 669 565 753 lege
602 669 664 734 hoo
696 670 806 752 utique
838 669 909 735 iure
941 671 1087 754 gentium

97 755 220 826 loturum
240 763 327 825 erat.
374 759 452 822 adeo
481 762 589 822 autem
616 757 678 823 hoo
705 759 753 822 ita
781 761 845 840 est,
874 763 910 823 ut
933 757 995 842 <ex
1019 760 1087 825 eive

97 841 222 915 Romano
259 852 292 913 et
323 847 440 912 Latina
476 846 531 929 qui
563 848 719 928 nascitur,
756 844 891 911 Latinus
922 852 1084 932 nascatur,

99 954 272 1022 quamquam
300 936 340 1001 ad
368 957 422 1000 eos
451 936 507 1018 qui
533 935 628 1000 hodie
651 933 759 999 Latini
784 935 1004 1018 appellantur,
1033 936 1086 1001 lex

98 1019 209 1091 llinioia
236 1047 304 1091 non
330 1024 484 1108 pertinet3
512 1045 588 1087 nam
616 1023 932 1106 comprehenduntur
960 1024 1088 1108 quidem

99 1115 319 1200 peregrinorum
357 1112 573 1197 appellatione
609 1113 644 1176 in
680 1134 718 1176 ea
754 1114 826 1196 lege
861 1114 950 1197 non>
983 1113 1088 1178 solum

100 1203 204 1268 exterae
224 1203 373 1268 nationes
392 1205 425 1265 et
442 1204 565 1285 gentes,
589 1201 645 1265 sed
664 1201 762 1264 etiam
782 1201 837 1286 qui
855 1200 964 1266 Latini
983 1203 1089 1267 nomi-

100 1294 209 1378 nutu,
242 1290 299 1356 sed
331 1289 372 1355 ad
399 1289 480 1354 alios
508 1288 641 1355 Latinos
669 1290 822 1373 pertinet,
855 1291 909 1374 qui
937 1291 1087 1374 proprios

101 1381 214 1478 populos
236 1378 448 1465 propriasque
471 1377 618 1443 civitates
642 1378 808 1443 habebant
830 1382 863 1443 et
882 1385 974 1443 erant
997 1401 1087 1464 pere-

102 1481 245 1543 grinorum
268 1488 413 1532 numero.

104 1634 109 1648 ι
171 1558 199 1622 2.
221 1554 357 1640 Ulpiani
379 1555 434 1620 lib.
452 1555 534 1640 sing.
557 1554 754 1640 Regularum
778 1555 808 1638 5,
824 1557 852 1621 8.
876 1593 918 1603 -
942 1555 1088 1624 Conubio

103 1644 309 1736 perveniente
345 1644 440 1708 liberi
478 1666 604 1726 semper
635 1648 760 1727 patrem
794 1651 985 1730 sequuntur,
1021 1668 1088 1711 non

104 1732 314 1799 interveniente
342 1731 480 1798 oonubio
504 1733 616 1796 matris
639 1732 821 1798 eondioioni
845 1735 1013 1819 accedunt,
1037 1757 1087 1799 ex-

104 1824 174 1901 opto
196 1845 233 1888 eo
259 1822 316 1908 qni
339 1843 378 1885 ex
400 1823 573 1906 peregrino
597 1823 630 1884 et
648 1821 717 1886 eive
736 1821 884 1887 Romana
901 1825 1088 1909 peregrinus

104 1910 230 1994 rescitur,
254 1910 408 1996 quoniam
431 1911 482 1974 lex
504 1907 657 1975 Mentem
680 1931 718 1973 ex
741 1910 896 1977 alterutro
917 1912 1087 1997 peregrino

74 2036 80 2045 ·
105 1997 193 2064 raum
217 1998 386 2064 deterioris
410 1998 553 2081 parentis
577 1998 797 2064 condicionem
820 2001 910 2084 sequi
931 2002 1028 2066 iubet.

169 2109 321 2171 Minioiam
351 2111 427 2169 hano
459 2110 557 2186 legem
590 2109 668 2186 quod
696 2111 729 2170 L.
757 2111 877 2171 Minicio
906 2111 1010 2170 Natali
1037 2111 1088 2170 ab·

105 2185 252 2273 iudicemus,
275 2217 343 2258 oum
365 2199 414 2257 vel
437 2197 493 2257 sub
511 2199 612 2258 Nerva
631 2198 765 2275 principe
783 2199 865 2275 leges
883 2203 1005 2276 rogatas
1023 2218 1089 2260 esse

105 2276 217 2348 talem
237 2281 290 2370 (D.
304 2289 355 2363 47,
371 2289 422 2364 21,
437 2288 466 2364 3,
483 2291 509 2346 1.
527 2286 668 2347 Karlowa
685 2287 742 2362 Ip.
759 2282 847 2368 624),
869 2289 984 2348 nullam
1002 2288 1088 2347 video

105 2371 223 2436 usonem
247 2376 396 2436 idoneam.
442 2376 527 2434 ouius
553 2375 628 2453 legis
656 2380 867 2452 argumentum
896 2378 933 2435 ad
961 2377 1087 2435 eandem

105 2450 150 2518 stre
176 2469 303 2526 aetatem
335 2465 446 2524 referre
477 2464 561 2542 lieet,
594 2464 708 2523 seilicet
739 2466 777 2523 ad
808 2466 839 2524 id
865 2468 998 2542 tempus,
1030 2483 1088 2541 quo

68 2578 71 2583 ·
106 2545 128 2601 tl
145 2554 286 2613 veteranis
314 2552 492 2630 quibusdam
514 2552 730 2629 principalibus
753 2553 1016 2613 constitutionibus
1039 2571 1087 2612 oo-

105 2634 205 2700 rubium
233 2662 301 2702 eum
326 2641 373 2700 his
397 2641 512 2700 Latinis
539 2641 755 2719 peregrinisve,
784 2661 858 2717 quas
881 2641 993 2717 primas
1020 2645 1090 2717 post

106 2721 251 2790 missionem
278 2748 386 2789 uxores
414 2729 566 2807 duxerint,
594 2730 715 2789 oonoedi
744 2723 822 2811 (Gai.
839 2733 866 2808 1,
883 2722 939 2811 57)
968 2735 998 2790 et
1025 2751 1090 2807 per-

106 2813 193 2886 lssl'lnis
227 2819 402 2880 civitatibus
439 2817 618 2894 quibusdam
649 2818 731 2877 Latii
766 2819 813 2876 ius
850 2819 899 2878 vel
930 2839 948 2880 a
978 2820 1090 2895 populo

105 2889 214 2968 Romano
233 2908 283 2969 vel
296 2925 314 2965 a
329 2909 435 2966 senatu
449 2907 498 2966 vel
511 2926 529 2966 a
543 2904 669 2966 Caesare
684 2906 749 2965 dari
764 2908 880 2967 solebat
894 2899 972 2989 (Gai.
985 2912 1013 2986 1,
1024 2902 1089 2988 95).

105 2977 219 3057 binium
252 2999 354 3056 autem
380 2995 513 3068 Natalis,
551 2995 602 3072 qui
638 3014 674 3053 ex
709 2997 837 3072 utroque
870 2997 948 3057 bello
981 2998 1089 3056 Daoioo

105 3068 169 3142 tonis
186 3083 367 3144 militaribus
391 3086 514 3144 ornatus
537 3083 676 3159 redierat,
697 3083 808 3143 Romae
833 3085 869 3144 de
892 3085 1089 3144 matrimoniis

104 3173 308 3248 peregrinorum·
348 3191 415 3232 oum
451 3172 565 3232 nivibus
601 3172 742 3231 Romanis
779 3192 838 3233 non
873 3173 1090 3234 interveniente

157 3309 171 3358 1
194 3305 222 3361 0.
242 3305 363 3373 Mensia,
386 3322 456 3375 quae
480 3304 564 3360 lectio
587 3309 671 3361 antea
688 3306 718 3360 in
737 3305 909 3362 editionibus
928 3307 1039 3376 prolata
1057 3321 1091 3359 ex

103 3381 126 3423 ⁸0
141 3373 246 3432 demum
264 3379 402 3446 tempore,
422 3394 477 3445 quo
497 3376 672 3432 Studemund
690 3375 720 3431 in
740 3377 804 3432 Gaii
823 3378 919 3433 codiee
937 3377 1091 3431 Veronensi

49 3530 53 3549 Γ
100 3442 267 3574 (Ῑίἒῖἒθὶἓὲθω
285 3447 429 3503 Minioiam
452 3449 586 3515 restituit,
610 3447 685 3518 apud
703 3448 855 3517 Ulpianum
874 3465 984 3517 quoque
999 3463 1090 3502 emen·
