2422 3976
93 163 155 226 116
172 161 219 216 III.
230 160 307 215 GAII
317 158 461 214 CLAUDII
471 156 606 214 NERON.
617 157 762 213 GALBAII
772 156 881 213 TEIIP.
889 156 990 231 Iulus
998 157 1093 214 CONS.

182 327 328 404 Responsi
372 327 448 386 hano
487 327 603 402 partem
640 326 679 384 ad
715 326 817 404 legata
852 325 1004 401 portinere
1044 306 1103 387 atsi,

94 420 194 494 potest
222 416 370 488 dubitari,
406 417 507 474 tamon
533 413 696 475 versimiIa
730 417 785 474 ast
831 415 870 476 ot.
895 413 927 476 0.
951 418 980 493 6,
1001 416 1091 494 38,4.

92 506 176 566 Idem
201 496 256 586 (so.
273 505 349 580 Imp.
367 496 567 585 Iustinianus)
590 501 626 560 A.
645 503 776 562 Iohanni
798 523 848 579 pp.
886 502 962 563 Cum
984 503 1090 582 quidum

93 594 136 654 sio
162 595 210 654 vol
232 593 451 652 instItutionom
475 594 525 653 vel
546 592 683 669 legatum
704 592 754 651 vol
775 590 1036 653 fideicommissum
1050 590 1090 653 sol

92 682 265 742 libertatem
287 682 336 742 vel
358 681 485 740 tutelam
505 680 685 756 scripsisset:
710 674 772 739 ‘illo
791 682 840 741 vol
858 680 911 740 illo
928 681 1014 741 heros
1029 677 1088 741 mili

94 764 171 830 osto'
197 771 245 831 val
269 763 327 828 ‘illi
349 773 403 828 aut
424 768 470 828 illi
494 769 531 828 do
554 763 635 847 Iago'
658 768 707 829 val
730 762 808 829 ‘dari
829 761 912 830 volo'
936 769 986 831 vol
1007 762 1086 829 ‘illuu

95 861 148 918 aut
176 859 263 917 illum
291 852 432 918 liberum’
461 857 511 918 vol
539 851 682 916 ‘tutorem
710 875 775 917 essa
801 849 889 919 volo’
910 859 960 920 sel
986 848 1086 931 ‘iubao'‚

95 947 303 1025 dubItabatur,
330 950 470 1006 utrumne
497 945 615 1005 inutilis
643 945 684 1005 sit
706 946 878 1005 huiusmodi
899 946 1045 1007 instituto
1061 948 1087 1003 a
1134 978 1136 1003 :

94 1037 229 1115 legatum
260 1039 291 1096 ot
319 1034 581 1094 fideloommissum
608 1035 638 1093 ot
665 1035 790 1094 libertas
818 1036 848 1094 et
876 1032 1086 1108 tutoris-doto,

95 1144 133 1183 an
157 1124 329 1200 occupantIs
352 1123 458 1183 molior
480 1123 614 1182 condicto
638 1122 687 1202 sit,
710 1123 749 1182 a'n
772 1123 861 1183 ambo
883 1122 917 1183 in
934 1118 1086 1183 huiusmodi

93 1214 179 1272 lucra
195 1214 245 1273 vol
263 1212 366 1271 munia
384 1215 529 1272 vocantur
548 1215 579 1271 et
597 1231 635 1270 an
649 1212 812 1270 secundum
826 1212 959 1290 aliquam
972 1210 1086 1273 ordluom

93 1302 303 1378 admIttantur‚
327 1321 364 1360 an
387 1305 515 1377 uterque
538 1301 618 1358 omni
642 1300 739 1376 modo,
762 1318 830 1360 oum
850 1301 903 1360 alii
922 1295 1086 1378 primumiu

94 1389 335 1449 instilutionibus
362 1391 448 1465 quasi
473 1388 648 1448 institutum
671 1388 804 1462 admitti,
832 1390 995 1450 secundum
1016 1382 1084 1467 qussi

95 1479 307 1550 substItutum,
331 1478 384 1535 alii
406 1477 438 1535 in
459 1476 697 1536 fideicommissis
720 1477 916 1553 postsmorom
940 1479 1031 1539 solum
1046 1490 1085 1535 aa·

96 1569 254 1642 capturum
276 1565 536 1625 fideicommissum
555 1565 812 1644 existimaverunt,
835 1567 923 1643 quasi
941 1560 1085 1627 resonare

94 1654 250 1714 voluntate
273 1654 430 1714 testatoris
453 1657 597 1714 utentem.

456 1843 506 1908 De
527 1845 745 1910 commuuione.
814 1912 817 1917 .

186 1968 216 2031 6.
254 1965 291 2031 D.
312 1966 341 2049 8,
360 1967 390 2049 2,
412 1967 453 2032 13
463 1990 510 2050 pr.
539 1969 606 2047 §L
661 1968 816 2035 Proculus
848 1968 934 2034 libro
966 1962 1082 2034 secundo

95 2055 331 2140 Epistularum.

189 2175 213 2226 1.
233 2160 370 2237 Quidam
387 2160 529 2226 Hiberus
548 2163 689 2246 nomine,
709 2162 764 2247 qui
782 2163 883 2228 habat
901 2166 976 2247 post
993 2163 1086 2228 horrea

98 2271 171 2314 mea
194 2247 342 2334 insulam,
365 2251 532 2315 balnearia
554 2250 633 2315 fecit
653 2250 826 2316 secundum
846 2251 1003 2336 parietem
1021 2268 1086 2317 oom·

53 2405 54 2408 ,
98 2359 236 2403 munem.
278 2361 344 2403 non
367 2340 442 2402 licet
456 2344 573 2403 ,autem
596 2340 728 2405 tubulos
752 2340 870 2404 habere
895 2341 1040 2406 admotos
1057 2332 1095 2417 ad·

96 2428 253 2512 parietem
276 2449 487 2511 communem,
511 2429 606 2492 sicuti
624 2450 664 2493 ne
684 2429 840 2512 parietem
861 2430 992 2513 quidem
1012 2445 1089 2494 suum

96 2539 154 2599 per
177 2517 331 2599 parietem
355 2538 565 2581 communem.
611 2517 649 2580 de
674 2518 795 2581 tubulis
819 2538 857 2582 eo
881 2515 1023 2603 amplius
1042 2517 1090 2582 hot

96 2605 175 2668 iuris
195 2608 252 2687 est,
271 2605 356 2689 quod
375 2626 432 2688 per
451 2626 505 2669 eos
525 2605 656 2669 flamma
674 2609 817 2670 torretur
834 2606 950 2689 paries.
987 2629 1048 2692 qua
1063 2602 1105 2668 ds'
1134 2582 1136 2647 !

97 2715 131 2756 re
156 2694 230 2756 volo
254 2715 327 2757 aum
350 2691 471 2757 Hibero
496 2693 648 2777 loquaris,
671 2716 710 2758 ne
734 2716 802 2758 ram
825 2695 975 2760 illicitam
997 2695 1091 2760 fa'oiat
1134 2724 1136 2731 ·

187 2780 339 2844 Proculus
353 2782 532 2864 respondit:
551 2803 604 2847 seo
617 2783 770 2848 Botorum
782 2803 843 2865 pro
862 2804 899 2848 eo
916 2804 951 2849 re
968 2785 1095 2850 dubitare

92 2873 183 2952 puto,
210 2870 291 2950 qaod
316 2889 379 2933 rom
406 2891 469 2934 ooo
489 2873 676 2953 permissum
699 2872 778 2952 foott
801 2872 920 2938 tubulos
942 2874 1095 2939 sumundum

98 2977 285 3021 communem
302 2959 453 3038 portatam
476 2961 649 3025 extruendo.
789 2963 793 2970 '

188 3074 211 3121 2.
244 3063 400 3129 Porioteoa
430 3085 619 3131 communem
649 3068 821 3131 incrustare
852 3067 919 3132 tioet
946 3070 1100 3135 secundum

99 3151 259 3234 Capitonis
267 3156 456 3232 seutentiam,
470 3157 549 3219 siout
558 3155 712 3220 ticetmitt
718 3157 963 3239 pretiosissimos
969 3159 1102 3240 picturus

97 3241 207 3306 tabere
224 3243 260 3306 ia
277 3248 395 3325 porteto
417 3245 580 3308 communi.
619 3250 749 3309 cetorum
771 3245 800 3309 st
822 3245 985 3311 demolitus
1007 3249 1049 3312 stt
1067 3247 1104 3311 oi·

99 3332 187 3396 olaus
214 3335 242 3396 et
265 3351 302 3395 eoo
324 3333 473 3414 stipulata
495 3333 612 3397 actione
635 3334 744 3398 domui
766 3333 872 3413 infecti
894 3340 1023 3417 oyatar,
1048 3355 1104 3401 noo

93 3420 199 3500 pluris
230 3441 324 3503 qaam
355 3421 498 3502 oatqorio
530 3423 654 3486 tectoria
686 3422 846 3487 aestimari
876 3423 995 3509 debent,
1032 3422 1106 3508 quod

100 3509 254 3574 observari
276 3514 304 3573 et
325 3511 359 3574 ta
382 3511 601 3574 taurustotioae
624 3515 745 3592 oportet.
