2422 3976
93 196 159 259 276
196 193 229 250 V.
247 191 397 246 NERVAE
416 191 464 245 ΕΤ
484 190 636 244 TRAIANI
654 187 761 245 ΤΕΜΡ.
779 187 875 244 IURIS
894 186 1069 245 consum

178 360 313 420 Iulianus
327 361 417 420 verbo
433 353 572 419 ‘constat'
587 358 758 433 saepissime
771 375 845 417 usus
860 360 917 416 eat.
939 357 976 416 cf.
985 357 1017 417 P.
1028 359 1099 416 275.

92 454 164 511 282.
181 452 253 511 355.
269 451 342 510 397.
357 451 431 509 465.
446 450 520 508 478.
537 450 609 508 492.
626 449 698 506 551.

456 627 503 685 De
525 626 616 699 fundo
640 626 738 698 babuto.

182 747 224 813 32
253 745 291 810 D.
307 745 358 827 35,
374 746 404 827 1,
418 745 470 809 30.
516 743 605 808 Idem
633 740 689 829 (sc.
703 740 864 830 Iulianus)
890 742 976 807 libro
999 741 1102 826 primo

93 858 133 900 ex
150 833 285 900 Minicio
305 832 354 919 (P.
365 830 455 917 848).
474 868 517 880 -
536 830 570 897 si
589 833 763 916 separatim
781 831 861 895 mihi
880 833 970 897 totus
989 830 1102 896 fundus

93 946 183 1009 pure,
205 923 267 988 tibi
292 922 351 988 sub
376 921 562 986 condicione
586 920 669 1005 <per
688 919 958 1003 vindicationem>
978 920 1103 1004 legatus

92 1013 193 1078 inerit
225 1015 258 1076 et
290 1015 326 1076 tu
356 1010 542 1092 decesseris,
576 1014 750 1094 antequam
778 1008 923 1074 condicio
952 1008 1104 1090 extiterit,

92 1126 153 1167 non
172 1106 289 1166 habebo
307 1105 518 1164 necessitatem
536 1104 662 1180 implere
681 1103 889 1180 condicionem,
907 1104 1016 1179 utpote
1030 1121 1103 1178 cum,

93 1195 212 1255 etiamsi
240 1193 373 1254 condicio
400 1193 555 1268 defecerit,
587 1211 657 1267 pars
682 1211 772 1269 quam
800 1190 1009 1257 vindicaturus
1032 1209 1101 1264 eras,

93 1284 168 1343 mihi
191 1285 352 1343 adcrescat.

463 1389 510 1448 De
531 1405 613 1448 servo
637 1389 734 1462 leuato.

184 1508 228 1573 42
258 1506 296 1572 D.
312 1507 408 1589 33,5,
425 1507 475 1572 12.
518 1505 607 1570 Idem
631 1505 684 1591 (sc.
709 1502 867 1592 Iulianus)
896 1505 980 1572 libro
1004 1506 1099 1590 primo

95 1620 134 1662 ox
151 1596 284 1661 Minicio
304 1592 353 1681 (P.
369 1591 459 1682 847).
477 1631 518 1642 -
539 1592 636 1660 Servo
661 1594 853 1680 generaliter
876 1595 986 1680 legato
1009 1599 1098 1660 verius

96 1694 143 1750 est
166 1707 268 1749 omnes
291 1689 429 1767 heredes,
458 1690 483 1748 si
507 1689 549 1748 ais
574 1689 680 1748 electio
703 1687 774 1747 data
797 1690 854 1761 est,
884 1687 1012 1748 eundem
1037 1688 1097 1747 dare

96 1777 215 1853 debera
250 1777 276 1836 si
307 1796 367 1836 non
397 1777 587 1837 consentiant
616 1777 753 1852 heredes,
785 1796 821 1835 ex
848 1780 1029 1837 testamento
1054 1791 1095 1834 eoo
1138 1770 1140 1811 ²

94 1866 200 1926 teneri.

440 1973 487 2031 De
510 1973 636 2032 tabernis
659 1973 767 2046 tecutis.

185 2092 215 2156 5.
243 2089 283 2155 D.
302 2092 354 2175 33,
368 2091 397 2171 3,
414 2092 442 2155 1.
492 2090 638 2156 Iulianus
665 2092 749 2157 libro
778 2091 881 2174 primo
911 2113 950 2156 ex
978 2087 1091 2155 Minicio

97 2180 145 2266 (P.
166 2176 254 2265 845).
283 2216 327 2226 -
356 2179 418 2255 Qui
450 2180 529 2244 duas
563 2183 715 2245 tabernas
744 2179 932 2245 coniunctas
960 2178 1091 2249 habebat,

97 2292 151 2333 eas
181 2269 325 2353 singulas
354 2268 478 2332 duobus
507 2270 637 2354 legavit.
684 2269 866 2354 quaesitum
895 2273 959 2353 est,
983 2260 1090 2350 siquid

97 2380 136 2421 ex
160 2359 324 2441 superiore
342 2357 478 2421 taberna
496 2359 529 2421 in
549 2358 734 2422 inferiorem
753 2356 994 2422 inaedificatum
1014 2353 1089 2433 esset,

57 2505 59 2508 ,
96 2470 173 2512 num
193 2446 326 2510 inferior
350 2446 438 2510 oncri
457 2445 592 2510 ferundo
612 2447 645 2510 in
673 2446 846 2531 superioris
867 2446 1018 2511 tabernae
1035 2445 1088 2507 loco

100 2534 326 2599 contineretur.
363 2534 528 2617 respondit
548 2536 736 2599 servitutem
753 2534 942 2617 impositam
958 2533 1057 2599 videri.

185 2629 283 2687 Locus
311 2629 469 2703 corruptus
496 2629 625 2688 fortasse
654 2628 696 2688 sic
723 2628 877 2688 emendari
908 2648 994 2703 possa
1020 2626 1087 2704 puto:

100 2735 172 2774 num
194 2716 317 2777 inferior
340 2716 424 2774 oneri
447 2717 571 2776 ferundo
598 2715 655 2793 [in]
680 2717 841 2793 superioris
865 2717 1006 2776 tabarnac
1028 2708 1087 2794 [loco

98 2797 178 2882 con]
202 2807 360 2864 teneratur.

188 2890 361 2967 Sequuntur
382 2893 466 2952 haec:
492 2887 637 2953 ‘Iulianus
659 2897 757 2954 notat:
781 2894 937 2954 videamus
960 2887 1020 2954 ...'

466 3072 513 3129 De
536 3072 626 3144 teneto
649 3074 742 3131 debiti.

189 3189 231 3252 62
255 3187 293 3254 D.
310 3189 360 3266 30,
377 3189 448 3253 105.
482 3189 571 3253 Idem
591 3187 648 3275 (sc.
665 3187 825 3277 Iulianus)
844 3190 928 3255 libro
948 3189 1046 3273 primo
1061 3198 1087 3244 0¹

99 3276 231 3341 Minicio
262 3273 310 3362 (P.
326 3274 414 3362 846),
441 3315 478 3323 -
504 3277 664 3362 Legatum
691 3279 738 3343 ita
765 3284 847 3343 erat:
876 3278 970 3365 ‘quae
992 3273 1087 3343 Lucius

100 3363 207 3430 Titius
223 3365 304 3428 mihi
318 3365 420 3448 debet,
439 3388 476 3430 ea
490 3367 582 3430 heres
598 3389 686 3431 meus
702 3365 869 3432 Cornelius
885 3366 962 3432 dare
976 3367 1088 3430 damnat

100 3453 190 3518 esto'.
231 3454 312 3517 nihil
333 3455 470 3537 amplius
491 3478 529 3519 ex
548 3456 609 3519 hoc
628 3457 736 3541 legato
756 3478 852 3539 quam
873 3458 1089 3522 nationesne

99 3541 192 3606 heres
216 3546 380 3625 praestare
404 3543 506 3608 debet.
