2422 3976
397 187 422 237 6.
444 179 654 236 IAVOLENUS
672 180 820 236 PRISGUS
1046 180 1112 245 483

90 344 208 429 possit,
238 343 332 410 oeiuti
359 343 400 409 ‘si
426 345 496 426 puis
524 345 559 409 iu
586 343 774 426 Capitolium
805 345 984 422 ascenderit,
1014 346 1112 409 droun

96 434 175 499 dure
199 432 371 517 spondes?'‚
399 431 439 498 ‘si
467 434 538 515 quis
564 454 585 496 a
612 453 660 497 rne
686 434 784 497 decern
805 433 942 515 petierit,
970 438 1013 497 tot
1037 435 1113 498 dare

95 520 271 605 spondest’‚
289 542 346 587 eur
362 542 426 586 non
444 522 524 586 Mem
542 522 623 587 etin
640 522 707 587 dote
715 523 872 604 promissa
885 523 1111 604 respondeatur,

94 611 182 675 rado
203 610 292 675 reddi
313 631 376 675 non
393 615 502 692 potest.

189 708 214 760 s.
243 696 343 765 Natio
360 700 526 782 promissio
543 703 643 781 potest
663 700 832 782 consistere,
855 719 932 781 quae
951 719 989 763 en
1005 700 1111 764 uolun-

96 792 160 853 tate
179 789 388 873 promittentis
409 793 525 853 statnrn
547 788 637 870 eupit.

389 963 438 1030 De
461 965 619 1030 aabnuru
641 965 829 1047 obiipatioue.

190 1079 243 1145 55.
270 1080 308 1146 D.
322 1082 376 1162 46,
392 1083 420 1165 1,
434 1081 486 1145 42.
532 1080 704 1145 Iavolenus
727 1079 811 1144 libro
835 1078 956 1144 decimo
980 1080 1113 1163 Epistu-

100 1168 218 1234 larum.
242 1204 285 1215 —
308 1168 346 1233 Si
368 1171 414 1234 ita
434 1171 644 1251 fideiussorem
661 1189 814 1250 accepero:
838 1167 930 1250 ‘quod
946 1190 997 1251 epo
1016 1171 1114 1234 decern

101 1258 232 1341 madidi,
258 1259 295 1323 de
321 1278 358 1322 ea
377 1260 512 1340 pecunia
534 1258 618 1323 rudia
639 1259 756 1322 rnodios
779 1259 874 1321 tritici
894 1259 955 1340 fide
977 1263 1032 1323 tua
1053 1279 1114 1324 esse

100 1344 229 1428 inhesi',
261 1367 324 1411 nou
355 1347 507 1430 obiipatnr
537 1348 707 1432 fideiussor,
737 1347 813 1428 quia
844 1347 879 1410 in
911 1347 1009 1411 atiani
1039 1369 1113 1432 reru,

101 1455 195 1517 quam
213 1455 292 1518 quae
309 1437 423 1501 eredita
442 1440 491 1517 est,
509 1437 668 1517 fideiussor
682 1436 812 1519 obtipari
824 1455 887 1499 uon
896 1434 1021 1519 potest[,
1039 1438 1114 1518 puio

53 1540 55 1545 '
101 1544 176 1608 non,
202 1529 240 1589 ut
265 1525 437 1589 aestimatio
459 1546 564 1589 rerurn
586 1546 664 1608 quoe
685 1525 794 1589 rneror's
816 1544 943 1589 nurnero
965 1525 1114 1594 trahentur

101 1612 136 1677 in
159 1614 298 1695 pecario
328 1619 492 1678 numerata
522 1615 593 1696 fieri
617 1618 730 1698 potest,
762 1615 808 1677 ita
833 1615 968 1694 peeunia
998 1635 1113 1698 quoque

100 1720 196 1767 meroe
216 1702 410 1767 aestimanda
432 1705 498 1781 estJ.
747 1774 751 1781 ,

188 1804 288 1864 Eisala
308 1805 339 1864 Z.
358 1805 386 1866 d.
405 1804 531 1865 Sam-St.
550 1805 624 1864 XIII
646 1825 674 1881 p.
691 1806 762 1865 149.

428 1976 478 2042 De
501 1978 623 2043 indiciis
639 1977 784 2060 priuatis.

187 2091 241 2157 56.
269 2090 308 2157 D.
327 2091 357 2174 5,
379 2094 405 2174 1,
424 2093 477 2158 35.
525 2092 615 2157 Idem
644 2089 701 2178 (so.
729 2089 915 2177 Iavolenus)
944 2092 1028 2155 libro
1056 2091 1109 2154 de-

100 2178 183 2245 eimo
211 2178 446 2264 Epistularum.
473 2218 512 2229 -
542 2181 615 2245 Non
642 2182 895 2262 quemadmodum
921 2181 1111 2264 fideiussoris

99 2268 246 2352 abiipatio
271 2269 306 2333 in
329 2271 475 2351 pendenti
496 2274 595 2349 potest
621 2289 682 2334 esse
706 2271 801 2334 etuet
823 2269 1022 2349 infuturum
1043 2289 1112 2333 oon·

98 2358 169 2442 e'pi,
192 2358 240 2422 ita
261 2357 412 2423 iudieiuru
433 2359 469 2422 in
485 2360 632 2441 pendenti
643 2363 743 2439 potest
760 2377 821 2423 esse
838 2359 884 2422 ud
902 2360 938 2422 de
955 2357 1004 2422 itis
1021 2357 1112 2422 rebus

98 2463 196 2529 puae
201 2450 310 2528 postea
337 2447 372 2511 in
398 2447 611 2529 obiipationern
634 2448 818 2512 adventurae
840 2451 920 2512 sunt.
965 2467 1040 2510 narn
1062 2467 1112 2510 ne

98 2536 215 2600 minem
221 2539 299 2617 puto
313 2536 534 2619 dubitaturum,
551 2538 627 2619 quin
640 2537 800 2616 fideiussor
813 2540 884 2600 ante
898 2535 1112 2618 oblipationem

101 2626 149 2689 rei
174 2625 276 2706 aouipi
298 2627 409 2706 possit,
445 2626 595 2690 iudioiurn
621 2646 701 2706 uero,
729 2630 893 2706 antequam
920 2625 1040 2706 aiiqrrid
1062 2625 1111 2689 de·

99 2712 216 2797 beatur,
238 2733 301 2777 nou
319 2734 416 2795 posse.

331 2891 381 2955 De
402 2892 590 2972 adanirendo
612 2912 716 2955 rerum
739 2892 882 2955 dominio.

75 3072 80 3081 ,
188 3005 241 3070 57.
268 3004 308 3070 Ι).
327 3007 380 3088 46,
398 3007 428 3090 3,
448 3006 499 3070 79.
544 3006 632 3070 Idem
660 3002 718 3093 (so.
742 3003 928 3087 Iavolenus)
951 3006 1034 3071 libro
1059 3006 1109 3070 de-

100 3095 184 3161 eimo
208 3093 440 3177 Epistularum.
463 3130 500 3141 -
522 3095 701 3179 Peouuiarn,
723 3115 816 3175 quarn
839 3094 917 3158 ruiti
939 3095 1032 3173 debes,
1055 3099 1112 3159 aut

100 3184 199 3251 aliam
216 3203 282 3247 reru
299 3184 328 3248 si
346 3185 381 3248 iu
398 3189 553 3265 conspeetu
572 3205 635 3248 rneo
648 3204 763 3266 ponere
781 3183 949 3268 teinbearn‚
968 3183 1111 3266 efficitur,

99 3278 133 3337 ut
154 3277 185 3338 et
207 3276 241 3336 tu
262 3273 368 3337 statim
391 3273 526 3337 libereris
548 3278 575 3337 et
597 3294 665 3337 mea
688 3293 748 3338 esse
770 3273 914 3354 insipiam
937 3293 1013 3336 narn
1036 3277 1110 3355 trem,

99 3362 182 3445 qnod
202 3382 225 3427 a
246 3361 332 3426 nulio
352 3361 548 3443 oorporaiiter
566 3363 633 3426 eius
649 3363 695 3426 rei
707 3363 857 3443 possessio
875 3361 1034 3446 detinetur,
1057 3361 1112 3425 ad·

99 3451 217 3535 quisita
243 3449 322 3515 ruiti
345 3456 373 3515 et
394 3451 614 3532 quodaminodo
636 3472 733 3515 mann
757 3451 847 3533 ionpa
871 3451 987 3515 tradita
1009 3450 1111 3515 eristi-

99 3540 218 3606 manda
239 3542 290 3604 est.

851 3642 907 3697 Μ*
