2422 3976
484 160 524 229 ιο,
544 153 712 210 remmus
1040 156 1104 222 195

123 310 191 379 aliter
214 317 292 382 mihi
320 316 475 383 adversus
502 320 535 382 te
564 316 703 382 dandam
724 316 928 403 petitionem,
957 319 1106 403 quamsi

123 399 236 485 legatum
257 405 432 471 redderem.

489 565 539 630 De
560 565 708 631 arbitriis.

185 688 232 754 22.
262 689 304 756 D.
321 690 352 770 4,
366 689 396 767 8,
410 690 462 772 21,
476 689 507 754 9.
556 688 715 772 Ulpianus
743 690 826 754 libro
854 690 951 756 tertio
980 690 1105 759 decimo

122 770 150 835 ad
169 777 300 844 edictum
323 777 374 864 (P.
387 775 477 864 460).
503 813 541 824 -
568 779 601 842 Si
630 779 701 862 quis
725 799 763 843 ex
786 778 1007 863 litigatoribus
1032 780 1104 846 ideo

121 877 166 927 non
187 866 335 950 adfuerit,
363 866 450 950 quod
476 864 657 931 valetudine
684 868 736 931 vel
764 866 810 930 rei
833 867 983 950 publicae
1006 890 1104 933 cause

121 946 237 1020 absentia
263 955 439 1039 impeditus
468 956 510 1020 sit
538 960 594 1019 aut
623 955 816 1040 magistratu
844 958 901 1020 aut
928 957 993 1020 alia
1017 956 1104 1021 iusta

120 1033 250 1127 decanea,
268 1065 406 1129 poenum
421 1044 580 1109 committi
592 1042 746 1109 Proculus
761 1048 793 1108 et
807 1043 982 1110 Atilicinus
997 1046 1104 1131 aiunt3

120 1126 158 1190 sed
175 1133 198 1196 si
219 1135 352 1217 paratus
376 1133 420 1197 sit
441 1133 476 1196 in
497 1133 631 1196 eundem
651 1133 919 1216 compromittere,
942 1133 1101 1198 actionem

120 1209 241 1303 denegari
265 1225 321 1286 aut
344 1221 530 1304 exceptione
553 1224 659 1285 tutum
682 1221 759 1285 fore.

514 1453 674 1462 ————

440 1624 503 1707 ll).
531 1629 753 1703 FUFIDIUS

181 1793 229 1869 qui
255 1792 330 1851 iuris
352 1791 468 1867 peritus
490 1809 509 1850 a
533 1789 623 1868 Gaio,
648 1792 805 1866 Africano,
833 1792 926 1852 Peulo
949 1793 1101 1864 laudetur,

115 1884 162 1934 lun
183 1879 284 1940 Sabini
306 1884 337 1940 et
358 1879 495 1940 Atilicini
517 1898 662 1956 response
678 1882 847 1957 rettulisse,
875 1881 977 1943 Nerva
999 1884 1101 1941 autem

114 1954 172 2026 filins
199 1973 304 2030 contra
335 1972 425 2044 etque
456 1969 507 2027 ille
540 1970 667 2029 sensisse
695 1971 814 2029 dicetur
841 1962 891 2050 (D.
911 1971 963 2045 40,
984 1972 1011 2046 2,
1033 1965 1101 2050 25),

114 2041 180 2115 luins
206 2058 340 2134 aequalis
371 2075 435 2116 esse
462 2057 648 2133 Neronisque
676 2059 818 2135 principis
852 2060 952 2118 aetate
981 2058 1100 2118 videtur

113 2135 196 2204 vixisse
218 2139 358 2228 (Pernioe
381 2147 397 2203 Ι
421 2148 485 2206 280
508 2166 537 2204 n.
554 2138 619 2227 11).
661 2166 757 2224 quem,
777 2165 844 2206 oum
863 2146 973 2204 Fufidii
991 2165 1100 2206 nomen

113 2228 211 2306 llllgaro
230 2235 271 2294 sit
286 2229 467 2315 (Wilmenns
487 2235 539 2292 Ex.
558 2234 597 2308 II,
618 2228 706 2316 329),
728 2236 804 2294 nihil
822 2239 878 2310 est,
902 2253 955 2293 our
974 2236 1100 2294 eundem

113 2315 181 2392 aique
204 2323 359 2382 Aufidium
390 2322 496 2382 Chium
526 2317 568 2403 (v.
591 2322 642 2395 IV,
658 2318 693 2404 5)
728 2328 869 2399 putemus
902 2341 975 2381 esse.
1022 2341 1099 2399 quae

112 2396 138 2460 lt
158 2409 266 2471 Fufidio
298 2414 480 2489 referuntur,
513 2430 582 2470 eum
608 2431 668 2472 non
700 2412 914 2487 respondendo,
943 2411 995 2469 sed
1023 2411 1098 2469 iuris

112 2500 289 2560 onsucorum
319 2501 467 2576 responsis
500 2502 698 2575 proponendis
729 2519 851 2577 operam
880 2498 995 2557 dedisse
1023 2499 1098 2558 satis

112 2576 226 2648 utentur
247 2588 386 2648 indicare.

405 2765 663 2836 Quaestionum
685 2764 780 2824 libri.

176 2891 331 2951 Laudatur
353 2890 390 2949 ab
409 2889 552 2949 Africano
575 2889 607 2947 in
628 2887 844 2958 Quaestionum
867 2889 944 2949 libro
968 2891 1097 2949 secundo

108 2961 196 3038 lifidii
218 2979 370 3039 secundus
386 2979 463 3038 liber
486 2977 709 3054 Quaestionum,
735 2978 781 3037 cui
805 2977 888 3054 operi
912 2979 1010 3037 omnia
1033 2981 1096 3038 eins

108 3055 265 3145 fingmento,
284 3085 360 3143 quee
377 3085 473 3143 peuce
490 3071 569 3141 sunt,
589 3066 752 3126 attribuere
771 3066 847 3126 licet.
882 3084 947 3125 oum
967 3067 1095 3127 secundo

106 3143 163 3215 libro
189 3157 358 3234 delegatis
381 3156 494 3214 dietum
517 3173 582 3214 esse
605 3158 761 3232 appareat,
791 3173 826 3214 ea
849 3174 926 3230 ques
949 3155 985 3214 11
1009 3173 1095 3214 servo

105 3233 194 3305 herede
216 3245 400 3304 instituendo
423 3243 572 3302 Fufidium
596 3243 705 3302 dixisse
727 3244 865 3319 traditur,
890 3242 986 3319 primo
1009 3242 1095 3316 libro,

105 3343 164 3405 luae
189 3335 226 3393 11
253 3332 497 3406 manumissione,
525 3333 574 3391 vel
602 3333 728 3392 secundo
757 3333 806 3392 vel
830 3333 918 3391 tertio
941 3331 1018 3389 libro
1043 3330 1094 3387 ad·

99 3423 240 3484 scribenda
258 3439 323 3482 esse
341 3421 412 3481 licet
428 3420 583 3496 suspicari.
621 3419 673 3479 sed
691 3422 727 3479 de
745 3440 777 3479 re
797 3421 884 3497 plane
902 3419 994 3477 dubia
1012 3421 1095 3476 certa

97 3511 217 3572 statuere
240 3512 317 3571 nolo.

878 3605 931 3657 13*
