2422 3976
386 196 411 246 4.
429 190 459 247 G.
473 190 619 246 CASSIUS
637 190 821 247 LONGINUS
1070 190 1109 255 71

403 353 453 420 Dc
473 355 656 436 (luminibus
672 354 816 436 publicis.

191 477 264 545 141.
294 476 334 543 D.
347 480 402 561 43,
419 479 468 562 12,
484 479 512 560 l,
526 480 556 544 3.
601 477 759 562 Ulpianus
782 479 866 544 libro
890 484 1112 564 sexagensimo

111 571 217 632 octavo
245 566 286 632 ad
313 566 452 632 edictum
476 566 526 653 (P.
541 564 652 653 1510).
678 603 715 614 —
741 566 924 632 Fluminum
954 568 1113 652 quaedam

110 654 233 738 publica
265 660 354 738 sunt,
386 656 542 740 quaedam
573 677 647 720 non
696 654 861 739 publicum
893 655 1012 722 flumen
1041 679 1113 723 essa

109 740 232 809 Cassius
256 743 383 829 definit,
406 744 489 829 quod
511 766 651 829 perenne
675 745 727 809 sit.

418 920 467 987 Dc
488 921 636 987 bonorocm
658 923 796 987 cessione.

191 1046 266 1110 142.
284 1044 322 1110 D.
333 1045 467 1128 42,3‚4‚
479 1047 506 1110 1.
542 1045 633 1110 Idem
651 1042 710 1130 (sc.
729 1044 903 1128 Ulpianus)
923 1045 1008 1110 libro
1022 1047 1113 1131 quin·

123 1134 314 1218 uagcnsimo
337 1156 424 1200 nono
447 1135 486 1198 ad
506 1133 645 1198 edictum
664 1130 715 1218 (P.
731 1131 841 1219 1380).
861 1169 904 1180 -
923 1131 1061 1198 Sabinus
1081 1139 1114 1199 et

103 1155 232 1288 dassius
246 1223 407 1307 putabant
421 1243 494 1286 eum
510 1222 565 1307 qui
579 1223 674 1287 bonis
688 1223 787 1287 cessit
801 1218 860 1308 (sc.
875 1222 999 1305 exlege
1013 1219 1113 1308 Iulia)

100 1332 137 1376 ne
160 1311 293 1396 quidem
316 1311 358 1376 ab
383 1310 470 1393 aliis,
494 1311 610 1397 quibus
634 1311 745 1394 debet,
766 1332 861 1394 possa
884 1310 1070 1395 inquietari.

286 1492 339 1552 VI.
371 1493 424 1553 Ad
447 1492 605 1553 edictum
628 1493 809 1571 praetoris
833 1493 929 1553 libri.

187 1588 376 1692 Quamquam
393 1618 450 1677 hoo
468 1634 542 1694 opus
561 1617 678 1677 anullo
692 1617 841 1692 laudatur,
859 1621 962 1677 tamen
976 1615 1114 1677 Cassium

98 1705 249 1766 eiusmodi
279 1705 373 1765 libros
406 1705 561 1782 scripsisse
593 1706 771 1784 fragmentis
808 1706 999 1784 quibusdam,
1036 1725 1113 1784 quaa

96 1795 171 1854 iuris
204 1794 302 1854 civilis
330 1793 416 1853 libris
444 1794 526 1854 nullo
554 1795 641 1855 modo
669 1795 795 1855 attribui
821 1798 960 1872 possunt,
992 1795 1113 1855 videtur

96 1883 234 1960 probari,
270 1900 347 1958 quaa
384 1883 554 1961 fragmenta
592 1883 737 1943 collocavi
772 1884 935 1943 secundum
970 1883 1113 1960 ordinem,

96 1991 188 2049 quem
209 1971 348 2031 Iulianus
370 1971 403 2028 in
425 1971 522 2032 edicto
546 1971 747 2048 componendo
772 1974 888 2031 statuit

335 2148 382 2207 Dc
403 2150 568 2208 vadimonio
590 2149 716 2208 Rorncm
737 2151 879 2223 fociccdo.

192 2261 222 2323 1.
254 2257 498 2341 D.2,1,11pr.
543 2257 644 2323 Gaius
672 2259 754 2323 libro
781 2259 886 2344 primo
911 2259 952 2323 ad
975 2260 1114 2324 edictum

96 2346 301 2432 provinciale
330 2346 380 2432 (P.
394 2347 461 2429 56).
485 2382 526 2394 -
552 2345 587 2411 si
614 2346 699 2412 idem
726 2369 799 2412 cum
827 2348 938 2412 eodem
966 2348 1114 2431 pluribus

96 2436 285 2501 actionibus
318 2438 408 2520 agat,
442 2456 578 2519 quarum
607 2436 806 2520 singularum
835 2437 1000 2521 quantitas
1028 2436 1115 2499 intra

97 2524 358 2589 iurisdictionem
382 2523 553 2588 iudicantis
578 2525 630 2607 sit,
653 2525 854 2589 coacervatio
872 2546 949 2588 vero
969 2523 1114 2588 omnium

100 2613 235 2678 excedat
253 2611 385 2676 modum
403 2613 635 2678 iurisdictionis
654 2613 733 2696 eius,
751 2613 835 2698 apud
855 2635 927 2677 eum
946 2613 1001 2696 agi
1018 2634 1115 2696 posse

98 2699 223 2766 Sabino
247 2698 362 2766 Cassio
385 2700 522 2766 Proculo
545 2701 677 2786 placuit.

188 2819 249 2880 Pro
292 2814 475 2881 ‘iudicantis'
511 2821 603 2880 Lenol
640 2819 748 2881 Gaium
790 2815 962 2881 ‘duumviri'
1000 2812 1114 2903 (potius

97 2903 342 2987 duumvirorum)
367 2910 521 2987 scripsisse
545 2910 661 2970 conicit.

188 3010 220 3075 2.
256 3007 296 3073 Ι).
314 3010 392 3074 ibid.
409 3013 430 3091 ξ
449 3012 479 3076 2.
508 3047 549 3057 -
579 3009 613 3075 Si
644 3032 710 3075 una
743 3012 827 3075 actio
860 3013 1038 3076 communis
1071 3012 1116 3076 sit

98 3098 244 3183 plurium
267 3119 489 3182 personarum,
511 3099 612 3163 veluti
633 3098 775 3164 familiae
795 3099 1009 3185 erciscundae,
1032 3121 1116 3165 com·

99 3187 193 3251 muni
217 3185 408 3271 dividundo,
437 3188 551 3252 finium
573 3188 804 3273 regundorum,
831 3194 939 3253 uuum
967 3188 1115 3271 singulae

99 3281 210 3359 partes
241 3275 436 3360 spectandae
464 3280 542 3340 sunt
570 3277 654 3341 circa
680 3276 935 3342 iurisdictionem
963 3276 1032 3341 eius
1059 3275 1116 3359 qui

100 3364 272 3448 cognoscit
296 3414 361 3442 ...,
380 3386 421 3427 an
443 3365 553 3448 potius
576 3368 735 3445 totores,
758 3365 834 3450 quia
858 3369 890 3429 et
912 3368 984 3429 tota
1006 3385 1058 3426 res
1083 3364 1116 3426 in

101 3452 256 3516 iudicium
292 3453 383 3516 venit
420 3457 453 3516 et
489 3454 541 3516 vel
577 3453 633 3518 uni
665 3453 841 3518 adiudicari
872 3456 994 3536 potest,
1031 3451 1115 3534 quod

102 3537 217 3605 Cassio
242 3588 295 3606 ...
318 3541 432 3624 placet.
