2422 3976
98 191 163 257 196
179 190 225 247 ΙΠ.
237 189 313 244 GAII
323 186 467 243 CLAUDII
477 186 611 244 NERON.
623 186 767 244 GALBAE
778 185 885 242 ΤΕΜΡ.
894 186 993 242 luam
1003 186 1084 242 CONt

514 409 622 468 Liber
644 409 683 469 IL

400 520 450 586 De
472 521 661 585 ornamentis
683 519 797 602 meotis.

186 628 213 692 1.
241 626 281 693 D.
306 627 357 711 34,
382 627 412 707 2,
436 626 465 691 5.
515 626 688 691 Africanus
720 626 804 690 libro
833 625 971 691 seeundo
1002 624 1084 701 Quae

94 715 236 781 etionum
259 711 309 802 (Ρ.
325 712 391 801 11).
409 751 453 764 --
471 714 567 798 Apud
587 714 746 780 Fufidium
765 712 998 790 Quaestionum
1021 714 1084 778 libr

94 804 236 871 seeundo
256 805 304 872 ita
326 805 482 887 seriptum
507 807 570 871 est·
593 805 622 870 si
642 803 755 873 molter
771 804 968 871 monetaverit
984 802 1084 886 otto

93 893 154 960 stri
180 894 309 961 uniones
335 913 412 959 oseis
438 893 489 958 soi
516 913 613 959 eooso
632 911 757 972 emeres,
782 893 812 958 si
835 896 868 956 to
885 896 958 973 post
979 896 1084 957 morter

93 983 419 1085 etos,eoor12utores
445 1002 513 1049 eom
534 983 646 1066 viuere,
673 979 994 1065 eonsentientes
1015 1001 1084 1063 nequ

93 1090 156 1144 esse
174 1071 286 1153 teqotos
303 1072 342 1150 ei
362 1091 413 1141 oue
408 1071 606 1136 mittierito
573 1071 780 1185 tteouuerit:
803 1067 1006 1154 Qmoooeuto
1028 1089 1084 1151 ooo

93 1180 162 1225 oreo
188 1179 284 1229 coreo
307 1164 425 1242 poeto
451 1163 525 1224 suot
550 1158 700 1237 eroatoe’,¹
733 1179 797 1223 ooo
818 1159 900 1223 enim
922 1160 989 1226 eius
1010 1178 1084 1227 eous

93 1250 192 1314 rideri
214 1253 331 1332 parato
357 1267 432 1327 esse,
459 1269 536 1330 quoe
562 1249 628 1319 iuro
655 1251 777 1315 mortuo
798 1267 835 1311 eo
857 1251 957 1329 empto
978 1248 1084 1328 fuerin¹

462 1429 504 1484 Ex
521 1429 634 1484 incertia
653 1429 740 1484 libris.

276 1530 326 1595 De
347 1551 431 1596 seruo
449 1532 579 1614 proprio
601 1531 706 1595 herede
728 1532 922 1596 instituendo.

185 1647 214 1710 2.
239 1643 309 1710 Gai.
324 1646 353 1730 2,
375 1645 501 1710 151-η
524 1695 553 1713 ..
574 1647 631 1730 qui
648 1645 820 1715 facultates
839 1668 914 1710 suas
939 1647 1084 1729 suspecta

95 1735 208 1819 habet,
245 1734 328 1798 solet
365 1755 491 1798 servum
528 1757 622 1799 suum
654 1733 759 1818 primo
792 1738 849 1799 aut
881 1734 1022 1799 seeundo
1053 1753 1084 1795 ve

96 1824 195 1888 etiam
221 1822 271 1887 ult
272 1821 374 1886 eriere
403 1823 505 1908 gradu
532 1823 731 1888 liberumt
699 1828 731 1888 et
755 1822 905 1888 heredem
927 1823 1084 1888 instituere

96 1911 185 1977 utsi
207 1909 421 1976 oreditoribus
442 1912 523 1976 satis
546 1933 611 1977 non
634 1911 693 1976 fiat
679 1916 707 1997 t,
729 1911 837 1995 potius
860 1911 957 1977 huius
980 1909 1084 1976 heredi

96 2023 193 2103 quam
222 2000 324 2084 ipsius
351 2004 451 2064 testat
417 2001 515 2064 aeris
538 2001 623 2065 bona
645 2004 796 2083 veneant,
768 2000 856 2065 tid
880 2003 930 2066 eat
953 2005 989 2065 ut
1011 2000 1084 2099 igno

98 2089 197 2153 minia
216 2109 297 2173 quae
316 2089 433 2154 eccidit
451 2111 489 2153 ex
507 2089 692 2154 venditione
711 2090 878 2171 bonorum,
896 2089 982 2154 huno
995 2085 1084 2173 potio

96 2177 246 2242 heredem
265 2199 362 2262 quam
380 2176 487 2260 ipsum
506 2180 696 2243 testatorem
715 2178 893 2262 oontingat,
911 2191 1084 2261 quamquam

97 2266 182 2350 apud
209 2265 369 2330 Fufidium
401 2265 519 2330 Sabino
548 2268 675 2418 placeat
661 2267 909 2331 teximendum
938 2288 1008 2330 eum
1033 2277 1084 2327 esse

95 2355 291 2440 ignominia,
324 2355 398 2439 quin
425 2377 489 2419 non
518 2377 575 2419 suo
604 2354 696 2440 vitio,
724 2355 780 2419 sed
808 2355 1000 2420 necessitate
1026 2346 1084 2416 iuris

97 2445 254 2511 bonorum
278 2444 495 2509 venditionem
517 2447 689 2528 pateretur.

224 2611 274 2676 De
296 2613 537 2676 manumissione
554 2633 613 2694 per
634 2613 803 2677 uindictam
823 2612 979 2694 foeieodo.

186 2727 214 2790 3.
246 2726 283 2789 D.
307 2727 364 2805 40,
387 2728 421 2808 2,
443 2727 494 2793 25.
548 2725 648 2792 Gaius
678 2728 761 2792 libro
791 2727 896 2811 primo
928 2727 965 2791 de
994 2737 1084 2789 mauu·

98 2814 306 2878 missionibus
329 2813 379 2901 (P.
393 2812 483 2901 477).
508 2853 542 2862 —
571 2813 604 2880 Si
627 2817 745 2880 tutoris
767 2815 910 2880 habendi
934 2836 1027 2881 eausa
1043 2826 1084 2907 pt·

97 2902 194 2985 pillus
213 2906 434 2987 manumittat,
449 2905 633 2988 probationi
653 2926 722 2969 essa
742 2927 873 2971 oausam
888 2904 1029 2971 Fufidius
1045 2894 1084 2961 alt

187 3013 250 3074 Gai.
268 3018 296 3091 1,
311 3017 360 3076 38.
392 3012 507 3076 ‘eadem
525 3019 593 3092 lege
613 3008 667 3097 (so.
682 3016 770 3076 Aelia
789 3008 907 3097 Sentia)
926 3015 1031 3076 minori
1045 2997 1084 3070 XX

98 3121 243 3162 annorum
262 3105 379 3164 domino
397 3124 457 3164 non
475 3106 564 3164 aliter
581 3106 791 3164 manumittere
805 3105 998 3207 permittitur,
1015 3109 1084 3180 qutm

97 3192 229 3251 vindicta
258 3194 339 3268 apud
370 3193 526 3253 eonsilium
558 3194 639 3253 iusta
670 3211 760 3252 eausa
787 3194 1025 3255 manumissionis
1048 3180 1084 3246 at·

97 3283 230 3356 probata.
280 3282 378 3341 iustae
410 3285 511 3341 autem
539 3301 645 3343 causae
673 3283 918 3342 manumissionis
941 3286 1058 3343 sunt..

98 3388 172 3444 quas
208 3371 287 3430 inter
323 3388 428 3429 causas
464 3371 537 3430 haee
566 3374 645 3445 erat,
683 3364 720 3430 si
752 3390 873 3432 serrum
903 3317 1084 3447 procuratorit

97 3458 226 3518 habendi
243 3463 313 3536 grat
314 3459 343 3518 ia
361 3460 490 3518 manumi
494 3454 563 3518 tt'at
584 3455 663 3537 (Gai.
679 3462 707 3535 1,
723 3451 787 3540 19),
806 3463 855 3519 oui
869 3460 1004 3520 Fufidius
1020 3457 1084 3517 illm

98 3547 246 3624 adiunxit,
269 3541 309 3607 ‘si
331 3549 441 3607 tutoris
465 3548 594 3607 habendi
616 3566 705 3608 eausa
728 3542 944 3610 manumittat'.
