2422 3976
381 180 405 229 t
429 172 459 230 L.
478 172 662 229 NERATIUS
680 172 829 229 Pulscus
1043 174 1110 239 313

121 338 316 402 isNeratium
353 360 422 401 cum
463 342 499 401 de
540 336 622 401 civili
663 342 727 402 iure
767 346 833 401 tum
874 341 910 401 de
951 343 1109 404 honorario

122 428 209 491 dixisse
230 435 400 508 cognoscet.
442 430 494 490 sed
515 431 674 507 utriusque
697 430 815 507 generis
838 449 886 490 res
904 451 959 508 per
976 431 1109 492 diversos

121 516 195 581 libros
213 538 334 597 sparsae
349 523 429 597 sunt,
447 523 482 579 ut
494 520 587 579 libros
601 520 736 596 singulos
751 520 913 595 separatim
927 524 957 580 et
971 520 1111 597 deinceps

65 670 67 675 ,
121 606 196 669 editos
216 628 282 670 esse
306 628 340 669 eo
363 609 482 668 facilius
503 607 641 684 iudicem,
665 608 744 685 quod
767 614 798 667 et
822 609 968 685 Ulpianus
987 609 1022 668 D.
1037 613 1065 683 5,
1080 613 1110 688 3,

122 697 199 774 13,3
230 699 288 759 ait:
320 692 475 758 ‘Neratius
507 698 584 756 libro
617 701 700 756 sexto
731 697 974 757 Membranarum
1006 699 1112 758 scribit

179 788 256 847 idem
279 805 345 848 esse
368 786 446 846 libro
470 786 597 862 septimo
621 786 665 845 ait
687 781 828 858 etiamsi',
851 790 882 846 ct
905 786 936 844 in
964 787 1111 847 librorum

120 874 178 935 serie
197 879 296 936 certus
319 895 418 935 rerum
443 875 515 935 ordo
539 876 661 951 agnosci
683 875 796 950 nequit.

187 965 270 1036 Quod
298 965 338 1024 ad
366 965 551 1042 singulorum
578 964 723 1023 librorum
746 963 917 1040 fragmenta
940 964 1112 1023 collocanda

120 1051 215 1131 attinet,
238 1072 316 1130 quae
339 1053 375 1112 de
398 1054 464 1112 iure
487 1052 568 1112 civili
587 1056 666 1129 sunt,
690 1053 725 1110 iis
745 1052 913 1129 praeposui,
937 1052 1045 1129 quibus
1063 1053 1111 1113 ius

65 1214 67 1219 Ι
118 1143 282 1212 praetorium
295 1145 454 1202 tractatur.
485 1143 516 1200 in
530 1140 740 1216 Patingenesia
753 1141 992 1217 fragmentorum
1007 1141 1111 1200 eadem

119 1230 190 1291 series
208 1231 379 1305 exhibetur,
399 1249 474 1307 quae
493 1231 525 1288 in
543 1229 704 1289 iustiniani
718 1229 852 1305 Digestis
867 1229 1110 1305 deprehenditur.

527 1424 637 1484 Liber
660 1424 683 1484 I.

471 1544 522 1610 De
544 1545 739 1609 testamentis.

189 1655 217 1718 1.
249 1650 290 1717 Ι).
308 1651 362 1735 28,
375 1651 406 1735 5,
419 1650 472 1716 55.
522 1649 676 1714 Neratius
703 1650 788 1716 libro
817 1650 923 1734 primo
951 1649 1112 1716 Membra-

110 1757 224 1807 narum.
247 1777 290 1788 —
314 1739 411 1805 Pater
438 1740 505 1804 filio
529 1739 689 1823 impuberi
713 1760 841 1803 servum
864 1738 1014 1804 heredem
1039 1741 1113 1805 sub·

109 1831 209 1897 stituit
231 1829 433 1913 liberumque
458 1850 527 1892 esse
551 1829 655 1893 iussit.
702 1850 775 1892 eum
800 1827 944 1913 pupillus
969 1829 1113 1895 vendidit

107 1915 197 1985 Titio.
233 1917 339 1983 Titius
362 1939 435 1982 eum
459 1917 524 1982 iam
547 1918 652 2002 primo
674 1922 870 1981 testamento
894 1917 983 1983 facto
1006 1919 1041 1982 in
1065 1940 1112 1982 se-

105 2008 204 2074 cundo
241 2009 438 2073 testamento
476 2006 613 2070 liberum
651 2005 865 2090 heredemque
902 2027 973 2070 esse
1007 2007 1112 2071 iussit.

103 2097 246 2182 superius
269 2098 502 2160 testamentum
522 2094 600 2158 Titii
623 2100 754 2178 ruptum
778 2102 835 2178 est,
859 2094 980 2178 quiuis
1001 2115 1112 2159 servus

102 2190 131 2253 et
151 2186 247 2251 heres
271 2186 379 2268 potest
401 2205 470 2248 esse
490 2187 531 2267 et,
554 2188 591 2247 ut
609 2183 755 2268 superius
774 2187 1007 2248 testamentum
1027 2205 1112 2247 rum·

99 2279 203 2358 patur,
228 2273 348 2339 sufficit
365 2273 413 2337 ita
431 2271 591 2356 posterius
610 2271 732 2337 factum
753 2293 832 2355 esse,
854 2276 889 2335 ut
908 2272 1016 2354 aliquo
1035 2293 1113 2336 casu

98 2363 243 2449 potuerit
275 2383 314 2426 ex
346 2382 383 2426 eo
411 2361 504 2425 heres
533 2361 676 2425 existere.
729 2360 813 2444 quod
842 2360 882 2424 ad
910 2361 975 2424 vim
1004 2365 1113 2425 autem

99 2453 166 2518 eius
191 2450 407 2517 institutionis
431 2450 581 2533 pertinet,
603 2451 650 2514 ita
675 2471 708 2513 se
732 2470 782 2512 res
802 2447 910 2530 habet,
933 2451 979 2533 ut,
1003 2471 1113 2532 quam·

100 2541 153 2606 diu
181 2539 309 2625 pupillo
336 2560 375 2602 ex
398 2559 436 2602 ea
459 2539 689 2603 substitutione
713 2538 805 2600 heres
829 2540 1046 2620 potestesse,
1074 2559 1112 2601 ex

99 2628 177 2694 Titii
210 2632 408 2694 testamento
442 2627 627 2692 libertatem
655 2626 931 2710 hereditatemque
960 2628 1112 2710 consequi

97 2740 163 2785 non
197 2717 314 2801 possit3
347 2717 375 2780 si
405 2715 547 2799 pupillus
575 2716 609 2780 in
636 2737 728 2780 suam
757 2715 891 2778 tutelam
919 2717 1113 2797 pervenerit,

96 2807 233 2893 perinde
261 2827 300 2869 ex
322 2803 401 2869 Titii
428 2808 624 2868 testamento
653 2804 735 2868 liber
762 2803 918 2887 heresque
947 2804 991 2867 sit
1019 2826 1056 2868 ac
1085 2807 1113 2869 si

96 2895 223 2981 pupillo
258 2892 454 2958 substitutus
482 2914 548 2957 non
575 2893 703 2976 fuisset3
731 2892 758 2955 si
786 2892 910 2974 pupillo
938 2891 1032 2957 heres
1060 2916 1112 2958 ex·

97 2985 201 3068 stitit,
232 2982 366 3067 propius
394 2986 457 3064 est,
488 2987 525 3045 ut
553 2981 640 3054 Titio
669 3001 809 3065 quoque,
841 2981 868 3044 si
896 2980 990 3064 velit,
1019 2982 1113 3046 heres

96 3095 167 3140 csse
215 3073 308 3137 ussit.

187 3096 307 3227 Neratii
329 3165 423 3224 verba
445 3183 464 3223 a
487 3164 668 3223 Triboniano
691 3163 875 3239 interpolata
897 3163 1045 3222 videntur.

512 3337 563 3402 De
586 3337 701 3420 tegatis·

187 3446 219 3510 2.
252 3443 291 3509 D.
310 3445 407 3528 sm,
423 3445 474 3511 65.
524 3445 680 3509 Neratius
708 3442 792 3507 libro
821 3443 924 3525 primo
953 3439 1113 3504 Membra·

99 3555 225 3600 narum.
262 3569 299 3581 -
336 3533 366 3597 A
397 3533 483 3599 Titio
514 3533 631 3598 herede
663 3532 761 3596 homo
796 3527 870 3594 Seio
903 3530 982 3614 <per
1013 3528 1114 3593 vindi·
