2422 3976
118 136 125 147 ’
188 177 237 236 11.
257 177 354 245 oum
374 175 539 231 caesena
558 174 662 246 suns,
680 172 922 231 personatur
940 173 1015 230 uuo.
1034 176 1110 250 tre

431 364 478 422 Dc
499 362 655 435 usufructu
678 363 777 436 tcyato.

187 483 241 548 22.
271 479 311 548 D.
341 484 369 565 7,
402 486 429 565 1,
458 482 487 563 3,
506 482 536 548 2.
568 479 669 546 Gaius
702 480 785 544 libro
819 480 956 545 secundo
988 481 1108 546 Rerum

98 570 358 638 Cottidianarum
381 571 432 634 vel
455 569 644 635 Aureorum.
668 605 710 615 —
736 567 787 633 Ne
810 618 843 633 ..
868 570 902 632 in
924 569 1109 635 universum

96 660 228 725 inutiles
260 662 368 724 essent
399 659 612 743 proprietates
650 679 775 742 semper
812 657 1000 722 abscedente
1034 682 1109 723 usu-

96 749 215 833 fructu,
248 748 371 832 placuit
402 747 497 812 certis
524 747 612 812 modi
639 745 783 831 extingui
811 746 1044 811 usumfructum
1078 752 1110 812 et

97 838 139 902 ad
162 836 396 922 proprietatem
419 837 547 901 reverti.

188 925 241 991 23.
270 922 309 990 D.
336 924 492 1007 7,1‚5o.
526 923 625 989 Gaius
652 924 736 988 libro
760 924 898 1008 septimo
922 923 1043 989 decimo
1068 924 1109 988 ad

99 1014 243 1080 edictum
272 1012 480 1097 provinciale.
506 1050 543 1058 -
570 1013 622 1077 An
645 1011 846 1093 ususfructus
869 1014 1000 1077 nomine
1024 1014 1109 1078 actio

97 1102 321 1187 municipibus
349 1102 419 1166 dari
443 1102 573 1184 debeat,
606 1103 786 1186 quaesitum
824 1105 874 1165 est
988 1102 1111 1186 placuit

97 1191 238 1257 dandam
266 1212 337 1255 esse
365 1190 533 1255 actionem.
571 1191 655 1254 unde
687 1211 824 1274 sequens
858 1190 1017 1254 dubitatio
1050 1195 1110 1275 est,

96 1300 264 1366 quousque
287 1279 398 1343 tuendi
421 1283 530 1344 essent
551 1280 585 1343 in
619 1300 655 1342 eo
684 1301 744 1343 usu
774 1278 880 1342 fructu
915 1280 1108 1363 municipes5

98 1376 133 1434 et
159 1369 283 1453 placuit
310 1370 438 1433 centum
467 1389 569 1432 annos
591 1367 730 1432 tuendos
755 1389 824 1431 esse
847 1366 1024 1450 municipes
1048 1418 1055 1433 .
1075 1417 1109 1433 ..

468 1542 515 1600 De
537 1559 618 1600 seruo
641 1542 740 1615 leuato.

189 1660 241 1725 24.
270 1660 580 1742 11366115.-
608 1642 697 1731 ruem
728 1655 784 1744 (sc.
808 1656 922 1740 uatus)
954 1658 1038 1723 uara
1061 1681 1109 1723 se-

100 1754 205 1815 cundo
229 1749 268 1813 de
291 1749 409 1833 legatis
434 1748 475 1814 ad
495 1749 635 1813 edictum
652 1748 819 1831 praetoris.
838 1784 881 1793 -
904 1745 938 1810 si
956 1770 1007 1812 res
1027 1770 1109 1831 quae

98 1839 212 1922 legata
240 1841 290 1903 est
321 1860 363 1902 an
386 1839 420 1901 in
445 1859 550 1901 rerum
573 1841 690 1901 natura
713 1836 756 1901 sit
780 1835 951 1917 dubitetur,
973 1837 1057 1901 forte
1081 1838 1109 1901 si

98 1926 234 1992 dubium
258 1926 309 2007 sit,
333 1947 373 1990 an
396 1926 494 1991 homo
509 1926 636 2009 legatus
656 1925 753 2002 vivut,
771 1924 892 2006 placuit
910 1923 964 2008 agi
982 1926 1109 2007 quidem

99 2038 140 2080 ex
171 2019 368 2079 testamento
396 2037 505 2098 posse,
533 2013 588 2078 sed
611 2013 719 2078 officio
742 2012 856 2077 iudicis
880 2013 1110 2096 sustinerint

98 2103 209 2169 cautio
246 2103 514 2188 interponeretur,
546 2125 609 2187 qua
645 2104 737 2166 heres
775 2104 902 2166 caveret
934 2122 1004 2164 earn
1041 2122 1109 2164 rem

98 2195 343 2278 persecuturum
366 2196 407 2275 et,
430 2191 457 2257 si
479 2196 595 2256 nactus
619 2191 670 2275 sit,
693 2191 851 2275 legatario
875 2189 1108 2254 restituturum.

424 2366 471 2425 Dc
493 2364 658 2425 ltbcrcttouc
680 2367 782 2439 leuato.

189 2476 255 2542 25?
278 2476 316 2542 D.
333 2477 384 2560 34,
404 2477 433 2554 3,
448 2477 524 2560 3pr.
548 2475 707 2558 Ulpianus
726 2474 808 2538 libro
824 2473 997 2538 vicensimo
1012 2472 1108 2536 tertio

101 2566 144 2632 ad
176 2563 340 2631 Sabinum.
370 2602 412 2612 -
443 2565 680 2629 Liberationem
714 2563 852 2627 debitori
879 2583 974 2644 posse
1007 2561 1110 2647 legari

99 2656 165 2720 iam
190 2658 314 2720 certum
338 2657 395 2718 est.

446 2777 497 2842 Dc
518 2776 764 2858 fideicommissis.

191 2894 242 2959 26.
281 2890 352 2957 Gai.
375 2893 404 2975 2,
428 2892 501 2957 288.
526 2927 568 2936 -
593 2942 621 2955 ..
646 2911 766 2974 poenae
794 2889 924 2952 nomine
952 2889 1016 2952 iam
1043 2910 1109 2953 non

102 2983 271 3048 dubitatur
288 3002 347 3045 nec
370 3003 427 3065 per
449 2980 777 3044 fideicommissum..
801 2978 936 3062 relinqui
961 2998 1064 3061 posse.

437 3149 487 3214 Dc
509 3149 644 3214 libertate
665 3149 777 3212 relicto.

191 3265 243 3330 27.
276 3263 315 3328 D.
344 3265 396 3348 40,
423 3266 453 3345 4,
484 3265 531 3328 16.
560 3300 597 3311 -
631 3262 720 3327 Idem
753 3258 810 3347 (sc.
833 3258 992 3345 Iulianus)
1025 3261 1108 3325 libro

101 3354 292 3440 trigensimo
312 3357 402 3418 sexto
418 3352 635 3437 Digestorum.
652 3389 692 3398 —
708 3350 741 3416 si
760 3353 806 3415 ita
825 3351 980 3434 scriptum
999 3349 1108 3413 fuerit:

101 3440 185 3508 ‘cum
228 3440 334 3506 Titius
372 3462 529 3506 annorum
575 3442 711 3525 triginta
748 3441 817 3522 erit,
859 3438 985 3503 Stichus
1027 3438 1109 3501 liber

102 3533 172 3597 esto
196 3529 260 3594 ...⁹
286 3535 320 3594 et
342 3529 458 3614 Titius,
482 3533 654 3613 antequam
680 3529 718 3592 ad
745 3551 863 3592 annum
883 3526 1113 3612 trigensimnm

851 3630 907 3684 b'l*
