2422 3976
1016 185 1081 242 XIII

62 346 123 423 ipse
144 343 262 405 (luiaoii
279 344 409 420 auditor,
428 365 518 423 quem
533 342 627 408 ‘omni
641 367 678 409 ex
690 351 777 426 parte
791 348 978 413 absolutum'
992 356 1078 415 ratus

61 434 176 512 publioi
198 433 274 494 iuris
291 434 359 494 fieri
375 435 474 495 voluit
492 434 641 513 Ouiaoius,
665 437 780 499 sedita
797 439 928 518 quidem,
951 445 986 502 ut
1003 461 1078 504 usus

62 524 125 585 eius
154 522 248 585 variis
277 524 421 600 exemplis
449 523 713 586 demonstraretur.
755 521 845 603 ‘quod
870 548 938 590 oum
959 531 1079 606 plenius

60 613 160 674 faeere
195 605 423 687 instituissem'‚
454 613 554 692 inquit
584 614 740 694 Labittus,
771 610 819 676 ‘ut
846 617 918 694 quid
951 619 1079 698 singulte

60 702 346 764 iurisconsultorum
372 702 459 763 libris
481 705 679 780 tractaretur,
709 708 855 783 quantum
882 725 919 767 ex
941 707 978 768 iis
1002 729 1079 787 quae

62 794 228 869 supersunt
253 791 432 870 fragmentis
461 792 567 853 ooniioi
593 796 696 869 posset
727 793 903 873 indicarem,
935 800 972 857 ut
1002 816 1079 876 quae

62 881 205 960 coniungi
227 881 307 940 inter
329 898 361 941 se
384 883 416 940 et
438 881 556 941 adneoti
578 884 707 958 possunt
728 883 831 961 legum
854 884 955 960 oapIta
976 905 1078 947 mone·

61 989 134 1050 rem,
157 975 194 1031 ut
217 969 279 1030 alla
300 988 337 1029 ex
359 968 427 1030 aliis
445 969 723 1046 interpretationem
741 989 859 1031 sumere
878 977 1025 1053 oporteat,
1039 979 1080 1037 -et

61 1062 97 1119 ut
124 1060 187 1120 alia
215 1077 284 1118 oum
307 1058 388 1137 aliis,
410 1076 488 1135 qnae
511 1078 647 1136 pugnare
670 1061 845 1139 videantur,
867 1081 1079 1140 nonnunquam

61 1149 174 1209 Indicis
201 1147 299 1208 nostri
326 1148 437 1208 auxilio
467 1148 622 1208 oonoiliari
648 1148 778 1208 debeant
807 1168 980 1227 exequerer,
1006 1152 1080 1214 feoIt

61 1257 139 1316 pene
161 1237 336 1314 importuna
352 1236 427 1298 iuris
446 1237 651 1298 studiosorum
668 1237 828 1316 flagitatio,
846 1242 882 1298 ut
901 1284 908 1299 .
924 1281 931 1298 .
950 1239 1079 1315 simplioi

62 1331 155 1406 atquo
190 1326 274 1387 nuda
309 1325 420 1386 Indicis
456 1326 587 1386 edItione
623 1326 798 1386 institutam
833 1327 911 1387 ilInd
942 1330 1080 1388 nostrum

61 1418 252 1478 antevertere
288 1408 484 1493 oogeremur’.
537 1414 652 1492 prodiit
689 1415 784 1493 Igitur
824 1415 903 1476 liber
937 1416 1079 1478 LutetIae

61 1525 89 1568 a.
113 1507 211 1567 1557.

152 1589 290 1654 ‘Publioa
307 1593 430 1669 quidem
448 1595 502 1664 est,
517 1592 564 1653 vir
577 1587 762 1672 clarissime',
780 1596 816 1654 ut
828 1596 936 1654 anetor
948 1595 1078 1656 Miehae·

61 1685 122 1744 lem
150 1682 298 1759 Fabrum,
329 1680 429 1742 (laroli
456 1681 540 1742 illius
573 1685 704 1761 patrem,
739 1684 917 1763 alloquitur,
949 1678 1014 1745 ‘neo
1043 1704 1079 1745 ea

61 1771 203 1833 fortassis
233 1771 348 1831 iniusta
380 1771 599 1849 quaerimonia,
627 1772 706 1848 qnod
730 1790 767 1831 ex
788 1775 852 1832 tam
874 1773 979 1833 multis
1002 1777 1078 1834 tam·

63 1880 122 1940 que
147 1860 242 1923 variis
269 1863 406 1921 veterum
432 1860 507 1920 iuris
535 1860 740 1920 oonsaltorum
767 1860 853 1921 libris
885 1863 959 1922 adeo
982 1881 1080 1938 pauea

62 1949 151 2011 nobis
174 1953 204 2010 et
227 1951 305 2008 male
327 1949 503 2026 plerumque
529 1949 708 2009 eonoinnata
729 1951 899 2028 fragmenta
922 1995 951 2011 ..
975 1969 1078 2028 super-

64 2040 126 2098 sint
195 2057 293 2115 neque
312 2038 392 2097 enim
410 2057 591 2116 quemquam
609 2038 740 2114 reperias
758 2057 846 2099 verae
861 2058 1079 2116 germanaeque

62 2128 137 2188 iuris
160 2126 338 2205 prudentiae
362 2126 539 2204 studiosum,
563 2128 614 2205 qui
640 2145 701 2186 non
729 2146 766 2187 ea
788 2127 981 2188 vehementer
1003 2129 1078 2190 iuris

63 2221 224 2278 auctorum
246 2219 441 2276 monumenta
463 2217 624 2290 desideret,
652 2235 687 2275 ex
710 2217 820 2293 quibus
844 2219 911 2276 tum
932 2237 1079 2278 veneran-

63 2306 118 2366 dae
143 2304 336 2382 antiquitatis
360 2305 492 2384 eognitio
516 2305 668 2381 eliciatur,
695 2307 762 2365 tum
790 2304 883 2364 etiam
907 2325 981 2367 vera
1003 2307 1079 2366 iuris

61 2394 276 2472 interpretatio
299 2394 501 2470 depromatur.
542 2394 612 2453 inde
630 2413 701 2455 vero
725 2394 839 2453 feotnm
869 2398 924 2469 est,
947 2398 983 2454 ut
1005 2413 1079 2473 quas

61 2484 149 2545 nobis
168 2483 258 2543 Pauli
280 2483 498 2544 sententiarum
516 2485 548 2543 et
565 2481 631 2543 caii
649 2483 876 2543 institutionum
894 2483 987 2542 libros
1007 2482 1080 2543 Ger·

62 2572 166 2632 mania
188 2573 324 2648 protulit,
347 2591 422 2649 quos
444 2573 478 2631 in
499 2572 655 2648 publicum
682 2592 711 2633 v.
734 2590 758 2632 o.
781 2571 937 2632 Ioannes
961 2571 1080 2633 'Illius

62 2661 187 2738 Ulpiani
212 2661 318 2721 titulos
338 2661 446 2736 emisIt,
464 2664 529 2721 tam
547 2662 636 2720 multi
653 2661 698 2720 ita
717 2660 802 2720 avide
822 2661 1017 2738 arripuerint,
1035 2661 1081 2721 Ita

62 2750 170 2827 rapide
189 2750 327 2825 legerint,
343 2751 390 2810 Ita
408 2750 543 2810 studIose
562 2749 600 2809 ad
618 2749 693 2809 iuris
711 2749 946 2809 illustrationem
964 2768 1079 2809 acrom-

62 2837 268 2912 modaverint,
295 2842 331 2897 ut
357 2859 394 2898 ex
415 2839 454 2898 iis
481 2839 542 2898 iam
564 2858 625 2899 non
647 2838 804 2898 minimum
826 2838 1080 2914 iurisprudentiae

62 2927 168 2987 lumen
186 2929 355 2988 arcesserit.
387 2928 461 3005 quid
479 2928 505 2988 si
521 2928 644 2989 tandem
662 2927 822 3002 aIanando
895 2927 945 2987 vel
958 2926 1080 3002 Ulpiani

63 3017 113 3077 vel
127 3016 218 3076 Pauli
235 3016 285 3078 vel
303 3016 432 3077 aliorum
449 3017 733 3076 iurIsoonsultorum
750 3015 869 3093 integra
887 3019 1081 3075 monumenta

64 3104 302 3181 prodeant?
322 3106 376 3166 sed
399 3106 517 3185 quando
540 3105 572 3164 id
595 3106 675 3183 quod
692 3107 849 3179 tantopere
869 3105 1007 3179 optamus
1027 3146 1080 3164 ...

64 3213 125 3254 non
152 3193 314 3272 habemus,
340 3198 460 3255 tantum
487 3194 564 3254 illud
586 3197 709 3273 tamque
732 3193 848 3253 iustum
870 3192 945 3252 iuris
970 3191 1081 3252 studio-

64 3301 169 3342 sorum
190 3282 371 3343 desiderium
388 3285 519 3362 interim,
542 3284 614 3343 dum
632 3301 685 3359 spe
704 3283 805 3360 aliqua
822 3281 945 3341 meliore
965 3285 1081 3340 susten·

65 3375 162 3447 tatur,
196 3373 252 3432 hao
284 3373 400 3433 ratione
433 3371 650 3452 quodammodo
679 3371 858 3447 explendum
885 3364 1081 3446 putavimus?

65 3461 178 3522 iterum
206 3461 333 3522 emissus
362 3466 409 3522 est
432 3463 520 3522 index
543 3461 688 3521 Venetiae
712 3479 739 3523 a.
760 3461 860 3534 1566,
887 3460 948 3518 iam
975 3461 1081 3518 auctus

66 3553 201 3612 tractatu
224 3544 274 3610 ‘de
296 3569 355 3612 usu
376 3545 504 3612 iudiois'.
