2422 3976
390 200 415 250 4.
440 193 471 250 L.
491 192 674 250 NBRATIUS
691 193 838 251 Palscus
1051 196 1114 263 351

113 357 211 510 aegis
227 357 344 462 donari
362 359 391 423 ei
409 358 542 424 ridetur.
573 379 655 461 quae
673 359 834 423 sententia
846 356 976 425 Neratii
989 383 1116 446 quoque

119 446 564 622 ..sitarciae
572 447 913 603 tttttfftttttt
931 450 1116 623 tttt'tt

122 624 205 709 repit,
225 624 261 690 in
284 625 422 709 speciem
446 624 629 690 donationis
652 624 774 691 cadere.

194 734 342 815 Ulpianus
374 734 470 796 addit:
503 730 586 814 ‘ergo
617 736 697 797 inter
727 737 827 798 virum
854 741 885 798 et
911 758 1033 800 uxorem
1060 741 1115 800 hae

127 827 196 884 amnt
215 818 413 886 interdictae'.

389 997 440 1063 De
460 998 620 1063 rabaam
641 996 833 1081 obliquasse.

196 1120 246 1188 56.
268 1120 309 1188 D.
326 1122 376 1205 16,
389 1122 421 1206 2,
434 1123 465 1186 4.
506 1121 627 1188 Paulus
650 1122 735 1187 libro
757 1123 854 1188 tertio
877 1120 976 1210 (XIP)
1000 1124 1042 1188 ad
1060 1122 1115 1190 Sa·

131 1202 220 1275 binum
241 1210 291 1297 (P.
309 1209 419 1297 1645).
441 1247 478 1258 —
567 1214 601 1274 et
622 1208 757 1276 Neratio
779 1212 929 1295 placebat
950 1262 1006 1293 ...‚
1031 1213 1116 1297 [ipso

130 1290 192 1381 iuro]
220 1320 257 1365 eo
286 1300 392 1364 minus
420 1298 642 1364 fideiussorem
669 1322 709 1364 ex
735 1298 923 1382 carpentarii1
950 1306 1117 1368 contractu

131 1379 235 1470 debere,
262 1388 348 1472 quod
377 1410 416 1453 ex
438 1389 697 1473 compensatione
720 1410 795 1453 reus
817 1389 956 1455 retinere
979 1393 1116 1474 potest[:

131 1468 194 1539 sieut
213 1476 311 1559 enim,
337 1498 410 1542 oum
432 1483 538 1542 totum
561 1480 638 1561 peto
662 1500 681 1541 a
703 1498 773 1561 reo,
797 1478 881 1542 male
903 1483 993 1563 peto,
1015 1480 1062 1544 ita
1084 1485 1117 1545 et

130 1554 275 1631 fideiussor
301 1587 368 1630 non
394 1568 524 1630 tenetur
551 1566 623 1649 ipso
651 1566 719 1630 iure
746 1568 781 1630 in
808 1568 963 1632 maiorem
990 1571 1116 1653 quanti·

130 1645 207 1718 tam
230 1676 328 1740 quam
350 1676 424 1719 reus
447 1654 652 1719 condemnari
674 1656 806 1739 potest}

195 1765 281 1826 Pauli
311 1767 404 1827 verba
430 1783 449 1824 a
476 1765 657 1826 Triboniano
690 1769 831 1842 corrupta
858 1785 923 1828 osse
950 1767 1009 1828 viri
1037 1768 1117 1829 docti

130 1855 311 1932 romentiunt3
334 1857 366 1914 at
388 1873 449 1930 qua
471 1854 506 1913 de
530 1873 562 1913 re
584 1854 636 1913 ille
660 1854 777 1931 dixerit,
800 1873 859 1914 non
881 1857 962 1915 item.
1001 1857 1116 1916 Mitteis

128 1931 159 2000 lb.
169 1942 187 2002 f.
198 1943 306 2022 Dogm.
321 1945 452 2018 28,,154
463 1961 526 2019 sqq.
549 1943 585 2001 de
608 1942 781 2002 fideiussore
804 1942 1021 2019 indemnitatis,
1046 1944 1116 2004 Per-

126 2025 176 2090 sice
199 2025 243 2092 11²
269 2033 382 2110 para
420 2031 522 2107 potius
554 2032 591 2091 de
622 2031 785 2108 argentarii
817 2036 972 2092 contractu
1004 2032 1116 2092 dictum

124 2113 199 2180 idaco
219 2121 328 2181 merito
351 2119 468 2180 conicit.

260 2299 308 2357 De
329 2299 510 2372 adquirenda
531 2297 576 2356 oet
598 2299 756 2358 amittendo
772 2302 960 2372 possessione.

194 2416 246 2483 57.
278 2416 319 2483 D.
332 2416 385 2499 41,
400 2417 430 2496 2,
443 2417 473 2494 3,
488 2417 518 2482 3.
567 2415 687 2481 Paulus
714 2417 797 2482 libro
825 2417 1115 2502 quinquagensimo

115 2511 223 2589 quarto
251 2506 292 2571 ad
320 2506 455 2571 edictum
479 2502 529 2592 (P.
543 2502 633 2592 658).
656 2541 700 2552 -
722 2503 876 2571 Neratius
904 2510 937 2570 et
960 2505 1116 2571 Proculus

112 2598 142 2659 et
161 2596 231 2660 solo
251 2594 360 2660 animo
381 2593 475 2677 [non]
494 2616 589 2678 posse
608 2615 667 2658 nos
686 2593 853 2680 adquirere
871 2595 1117 2679 possessionem,

109 2680 183 2768 (et)
208 2684 326 2750 sinon
349 2684 518 2748 antecedat
540 2682 699 2748 naturalis
721 2683 893 2766 possessio.
934 2684 1069 2767 ideoque
1089 2685 1116 2748 si

106 2772 316 2838 thensaurum
346 2771 382 2835 in
413 2771 511 2836 fundo
543 2792 615 2836 meo
647 2772 791 2854 positum
819 2771 932 2856 sciam,
963 2773 1115 2838 continuo

104 2882 156 2927 me
173 2860 350 2946 possidere,
369 2859 466 2925 simul
485 2864 581 2944 atque
599 2859 785 2944 possidendi
802 2861 949 2926 affectum
963 2860 1116 2946 habuero,

102 2950 180 3037 quia
203 2949 290 3035 qnod
308 2948 393 3014 desit
409 2949 551 3013 naturali
568 2949 774 3033 possessioni,
796 2949 828 3012 id
848 2949 975 3014 animus
994 2950 1116 3036 implet.

190 3042 340 3104 Kuebler:
364 3043 394 3101 Z.
409 3042 436 3101 d.
451 3041 584 3102 San-St.
598 3042 654 3120 XI,
669 3044 720 3102 51.

192 3145 259 3212 582
287 3145 325 3209 D.
339 3144 392 3227 41,
406 3145 436 3228 2,
453 3143 481 3228 1,
494 3145 546 3208 21.
583 3143 701 3207 Paulus
721 3143 805 3208 libro
826 3145 1115 3231 quinquagensimo

97 3238 220 3322 quarto
240 3233 281 3298 ad
300 3232 440 3297 edictum
460 3231 509 3316 (P.
520 3229 620 3319 6570).
642 3232 731 3297 —Si
749 3233 898 3298 iusserim
917 3234 1116 3299 venditorem

94 3320 308 3410 procuratori
339 3343 407 3385 rem
440 3320 580 3403 tradere,
612 3342 685 3385 oum
717 3343 755 3386 oa
786 3321 820 3385 in
852 3322 1034 3405 praesentia
1064 3321 1115 3402 sit,

95 3412 207 3479 videri
240 3409 321 3474 mihi
353 3409 505 3474 traditam
537 3408 665 3474 Priscus
699 3410 758 3493 ait,
791 3410 939 3495 idemque
972 3431 1055 3494 esse,
1088 3410 1116 3474 si

173 3573 189 3622 1
212 3566 288 3624 Trio.
307 3566 391 3622 omni
