2422 3976
334 201 359 250 6.
382 193 588 249 IAVOLENUS
607 193 756 250 PRISCUS
983 195 1050 260 473

69 377 83 422 e
115 356 171 422 lieo
200 358 268 440 ipso
294 357 379 422 heres
405 358 565 423 institutus
586 363 709 440 portem
735 359 897 423 reooooudi
922 379 943 422 a
971 359 1049 442 lepa-

69 445 132 511 riis
148 447 200 512 ius
216 445 333 529 tabeat,
350 447 433 528 quod
449 467 487 512 ea
504 447 659 512 oolaumte
675 445 809 526 defuncti
820 448 926 529 pluris
944 448 1052 512 emerit

69 535 189 614 iudum,
212 555 307 617 meam
328 536 439 617 quanti
460 541 534 600 erat.
1074 581 1077 588 -

129 622 315 707 Respondit:
342 625 424 705 quod
439 625 575 706 amplius
597 624 681 689 leores
698 645 792 707 quam
805 626 940 706 pretium
955 624 1052 705 fandi

69 714 186 794 potorio
217 713 319 797 solmt,
349 713 385 778 id
414 713 475 796 lepe
503 713 650 778 Falcidia
681 715 832 796 imputari
858 734 921 778 uon
943 717 1051 796 potest,

69 801 118 866 iia
144 801 330 886 ueplepentio
352 802 418 866 eius
439 821 544 866 uooere
567 803 723 884 lepotoriis
744 823 808 866 nou
830 803 923 887 debet,
951 806 1050 884 upote

69 909 110 954 rm
132 891 161 956 is
183 891 349 974 confitendo
372 911 475 956 oerum
494 892 735 956 aestimationem
749 896 908 973 praestare
921 894 1051 972 poterat.

73 1151 78 1159 .
460 1085 509 1150 De
528 1085 633 1166 furtis.

128 1208 181 1275 24.
212 1208 250 1274 D.
260 1210 313 1292 47,
327 1210 356 1293 2,
370 1209 421 1274 75.
456 1208 546 1273 Idem
561 1208 618 1294 (se.
632 1207 819 1296 Iavolenus)
833 1210 916 1274 libro
932 1214 1048 1292 quarto

69 1314 274 1400 pistularum.
299 1352 337 1362 -
362 1315 530 1381 Furtioam
556 1315 703 1379 ancillam
731 1316 809 1381 bona
831 1317 891 1397 fide
912 1315 978 1380 HS
989 1317 1033 1379 Il
1037 1314 1049 1351 ¹

69 1408 175 1487 uptam
198 1425 268 1470 eum
279 1406 476 1487 possiderem,
499 1404 655 1486 subripuit
672 1405 750 1469 arilei
767 1407 882 1483 Attius,
904 1425 973 1469 mem
990 1425 1049 1486 quo

93 1513 146 1575 epo
173 1497 202 1557 et
229 1495 371 1558 domiuus
395 1494 478 1572 furti
504 1494 633 1575 opimus.
672 1514 796 1576 queoero,
824 1499 941 1575 quanta
963 1494 1051 1558 aesti-

69 1582 139 1646 atio
155 1602 216 1662 pro
238 1587 364 1664 utroque
385 1583 455 1666 pieri
476 1582 564 1647 debet.
1014 1591 1015 1594 ’

128 1668 313 1752 Respondit:
335 1672 464 1753 emptori
482 1671 583 1753 duplo,
601 1673 711 1752 quanti
729 1673 794 1736 eius
811 1673 941 1756 interest,
960 1672 1036 1736 aest'

69 1759 123 1823 ori
140 1759 231 1841 debet,
253 1761 376 1824 domiuo
395 1765 496 1825 autem
515 1760 616 1841 duplo,
636 1762 747 1841 quanli
765 1781 801 1825 eo
819 1762 930 1825 mulier
945 1760 1050 1841 fuerit.

69 1867 92 1913 n
121 1867 179 1912 uos
209 1868 326 1913 mouere
356 1849 451 1932 debet,
481 1850 562 1931 quod
589 1849 705 1914 dicebas
728 1870 829 1931 poena
854 1851 936 1930 farti
957 1871 1048 1931 prae·

69 1935 184 2019 abitur,
221 1937 344 2020 quippe,
380 1958 449 2002 oum
480 1938 614 2001 eiusdem
645 1939 691 2001 rei
721 1939 843 2001 nomine
867 1943 1049 2020 praestetur,

69 2027 168 2107 nptori
207 2027 272 2090 eim
306 2027 520 2108 possessionis,
561 2027 683 2091 dommo
719 2028 817 2108 ipsius
848 2028 1051 2109 proprietatis

69 2133 134 2180 msa
149 2118 343 2197 praestanda
364 2119 414 2181 est.

271 2309 322 2374 De
344 2311 532 2391 adquirendo
554 2331 658 2374 rerum
680 2311 823 2392 dominio.

129 2432 183 2497 25.
218 2432 492 2518 1).50,16,115.
542 2433 631 2498 Idem
663 2432 720 2520 (se.
747 2431 933 2517 Iavolenus)
965 2433 1048 2496 libro
1149 2488 1152 2495 .

69 2525 158 2586 sarto
185 2520 418 2605 Epistularum.
442 2561 483 2569 —
514 2524 656 2604 Quaestio
679 2529 734 2603 est,
755 2523 873 2602 perudus
895 2543 916 2586 a
933 2541 1050 2604 posses-

69 2631 124 2675 oue
141 2610 188 2674 ael
206 2631 280 2694 apro
298 2612 345 2675 oel
355 2613 486 2693 praedio
504 2613 580 2694 quid
597 2614 693 2676 distet.
734 2610 871 2692 ‘fundus'
892 2614 936 2674 est
952 2630 1050 2694 omne,

69 2700 191 2781 eidqnid
215 2699 279 2764 solo
306 2705 431 2764 meter.
481 2699 575 2783 ‘oper'
604 2705 648 2765 est
672 2702 783 2781 speeies
806 2700 912 2782 fundi,
939 2696 984 2764 si²
1008 2699 1050 2762 ad

69 2807 131 2854 mm
167 2786 302 2852 leomiuis
332 2794 536 2871 eomparatur.
594 2787 760 2870 ‘possessio'
793 2789 832 2851 ab
863 2809 937 2871 apro
968 2788 1050 2851 iuris

69 2876 221 2959 oprietate
247 2878 357 2954 distat·
384 2879 534 2959 quidquid
559 2880 640 2942 euim
667 2877 936 2962 adprehendimus,
960 2877 1049 2940 aerius

69 2967 211 3048 oprietas
237 2966 281 3030 ad
304 2985 361 3030 uos
388 2987 449 3031 uon
468 2967 601 3048 pertinet
622 2970 678 3029 aut
699 2986 753 3029 nee
769 2970 869 3047 potest
883 2967 1048 3047 pertinere,

69 3054 332 3136 npossessionem
359 3056 558 3137 appellamus.
591 3055 739 3136 possessio
766 3075 834 3137 erpo
862 3074 950 3138 usus,
977 3073 1050 3135 aper

69 3143 211 3226 opums
238 3142 296 3207 looi
317 3148 368 3209 est.
414 3143 599 3226 ‘praedium'
622 3145 779 3225 utriusque
801 3143 1050 3224 suprascriptae

69 3230 177 3297 nerale
212 3251 323 3296 nomen
359 3238 418 3309 est;
455 3254 528 3297 uam
561 3238 591 3297 et
621 3253 692 3315 oper
723 3238 752 3296 et
775 3233 926 3314 possessio
957 3230 1051 3294 iuius

69 3320 259 3404 opellatiouis
279 3322 389 3403 speeies
411 3328 491 3386 sieut.

110 3501 125 3548 1
148 3494 225 3551 Trib.
245 3495 363 3550 duorum
381 3512 534 3551 aureorum.

109 3570 126 3620 2
145 3564 196 3621 Fe.
215 3566 259 3620 est
277 3567 299 3621 si
318 3565 424 3636 speeies
442 3567 531 3623 fundi.
