2422 3976
365 186 390 237 6.
409 176 624 236 IAVOLENUS
643 176 792 234 PRISOUS
1020 178 1085 244 399

111 343 153 411 D.
171 343 226 428 39,
246 342 277 427 6,
296 343 348 410 25.
378 378 422 393 -
449 362 550 408 ..re
649 341 754 421 D.12,
773 342 868 427 1‚20.
894 378 932 389 -
1031 344 1086 408 sed

69 431 550 519 spondit:sirenrtibidederim,
603 430 684 496 haee
742 431 958 516 intellegenda
1011 437 1088 499 sunt

68 527 104 588 nt
128 521 220 587 Titio
248 543 320 586 meo
343 521 474 586 nomine
497 522 551 586 do·
604 523 763 604 propter
822 521 1086 604 suptilitatem

68 632 174 715 nares,
191 631 331 763 'efflue
354 613 391 674 tu
414 614 549 763 tuotno·
604 610 821 762 {erbornrnt3
878 610 1086 695 benignius

69 720 552 871 iiiiaiittiiiti
626 719 791 763 “m

70 877 257 962 aeeipientis
286 876 374 942 faeta
405 898 472 942 non
504 883 554 941 est

70 970 102 1032 ot
123 970 164 1031 tn
185 964 268 1030 furti
290 965 460 1050 obligaris,
489 966 553 1030 sed

69 1054 278 1140 benignius
308 1057 369 1137 eat;
402 1051 431 1118 si
457 1074 554 1138 agam

70 1146 185 1209 eontra
217 1164 289 1208 eum
324 1142 379 1226 qni
405 1164 474 1207 rem
504 1164 553 1208 ae·

70 1232 169 1317 oepit,
197 1232 385 1333 exceptione
411 1231 553 1297 deliine

71 1340 278 1387 summoveri.

157 1482 311 1546 Orationis
343 1504 461 1561 qnoque
492 1483 692 1561 proprietates
716 1483 795 1559 apud
817 1484 993 1545 Iauolenum
1016 1504 1084 1545 eon·

70 1574 192 1652 spienae
215 1575 295 1651 apud
318 1573 470 1633 Iulianum
488 1592 605 1650 qnoque
624 1575 756 1648 exstant3
773 1575 809 1634 ut
828 1575 907 1650 quod
924 1573 1084 1635 Iavolenus

69 1664 111 1724 ait
134 1655 186 1745 (D.
201 1664 253 1739 45,
270 1665 299 1740 3,
316 1653 371 1744 36)
400 1657 485 1721 ‘haee
512 1680 621 1737 genere
646 1662 774 1740 quodem
798 1663 918 1722 donatio
942 1657 1010 1740 est',
1038 1665 1084 1723 his

70 1750 184 1813 Iuliani
211 1752 310 1812 verbis
335 1751 432 1811 simile
456 1753 514 1810 est:
544 1745 664 1825 ‘genere
688 1752 818 1829 quodam
840 1752 928 1812 modo
951 1752 1084 1813 venditio

67 1841 291 1903 ...eontracta
314 1833 370 1901 est'
394 1839 443 1916 (D
458 1842 510 1913 41,
525 1841 555 1917 4,
572 1834 635 1918 10).
678 1859 778 1899 rerum
802 1842 927 1919 denique
951 1842 1085 1901 ordinem

65 1948 85 1990 ι
114 1929 238 1990 Iuliano
269 1929 302 1989 in
332 1928 417 1989 libris
450 1930 489 1987 ad
521 1928 660 1987 Urseium
692 1929 835 1989 Feroeem
867 1935 1022 1990 servatum
1053 1931 1085 1990 in

62 2018 174 2079 multis
208 2018 364 2079 eonvenite
396 2035 464 2077 eum
501 2017 604 2077 ordine
641 2018 786 2077 librorum
824 2038 841 2078 a
872 2019 1014 2080 Iauoleno
1048 2036 1085 2077 ex

64 2104 176 2169 (tassio
201 2107 433 2183 compositorum
455 2105 548 2165 Lenel
569 2109 657 2165 notat
679 2105 741 2164 P.I
765 2108 819 2167 eol.
835 2110 899 2167 490
922 2126 952 2166 n.
968 2112 995 2165 1.

158 2211 247 2283 Quod
269 2211 427 2273 Iavolenus
455 2212 627 2287 provinciae
654 2230 776 2288 praeses
803 2213 835 2271 in
862 2215 956 2273 serris
980 2230 1083 2271 mann-

58 2300 224 2363 mittendis
244 2300 374 2374 admisit,
393 2301 472 2360 idem
486 2301 624 2361 Iulianus
641 2305 763 2376 praetor
782 2306 812 2361 et
831 2304 934 2362 eonsul
948 2302 979 2360 in
993 2300 1084 2360 Italia

57 2391 168 2453 faeere
190 2408 251 2449 non
273 2389 438 2450 dubitavit:
462 2385 529 2467 ‘ego
553 2390 606 2466 qui
623 2391 825 2450 meminissem
843 2390 1082 2451 Iauolenum...

58 2484 93 2543 et
122 2479 157 2539 in
180 2476 285 2538 Africa
313 2481 344 2538 et
370 2479 401 2537 in
425 2478 513 2555 Syria
541 2497 642 2538 servos
672 2498 740 2539 suos
766 2480 988 2555 manumisisse,
1017 2498 1084 2538 eum

56 2566 227 2631 eonsilium
253 2567 426 2644 praeberet,
455 2568 624 2644 exemplum
652 2568 715 2627 eius
744 2571 863 2628 secutus
891 2571 921 2626 et
943 2568 974 2625 in
997 2585 1083 2642 prae·

56 2658 136 2719 tum
165 2657 200 2715 et
226 2657 384 2716 oonsulatn
410 2674 476 2716 meo
505 2658 650 2732 quosdam
678 2676 714 2715 er
738 2657 832 2716 servis
855 2657 929 2716 meis
952 2656 1085 2715 vindicta

56 2737 209 2809 liberavi'
224 2739 274 2824 (D.
285 2746 337 2822 40,
349 2747 377 2821 2,
388 2738 433 2824 5),
448 2744 515 2803 aliie
529 2745 725 2820 praetoribus,
741 2766 814 2804 num
823 2745 854 2804 id
864 2747 962 2804 faeere
972 2745 1083 2823 liceret,

56 2832 279 2897 dubitantibus
297 2825 347 2915 (D.
363 2829 459 2912 ibid).
496 2832 644 2909 Ulpianus
659 2837 759 2893 autern
774 2853 841 2893 eum
856 2834 891 2895 D.
908 2838 935 2910 1,
955 2837 1003 2911 10,
1021 2839 1046 2910 1,
1062 2837 1081 2893 2

54 2922 152 2987 dieite:
183 2916 340 2982 ‘Consules
369 2923 450 2997 apud
478 2940 509 2982 se
539 2940 640 2984 servos
668 2942 737 2983 snos
761 2923 972 2982 manumittere
995 2942 1083 2999 posse

54 3014 151 3077 trulla
179 3010 332 3071 dubitatio
360 3003 428 3087 ost',
456 3011 492 3070 de
514 3014 688 3087 praetorum
711 3012 814 3071 eadem
837 3015 985 3087 potestate
1008 3011 1083 3070 nihil

55 3101 179 3166 amnt
206 3100 237 3160 't.
272 3099 305 3158 in
324 3099 392 3160 aliis
411 3118 529 3176 quoqne
549 3100 626 3176 legis
646 3100 812 3161 actionibus
831 3100 964 3161 Iauoleni
983 3118 1083 3159 exem-

53 3192 150 3263 plum
174 3189 263 3265 sequi
284 3188 375 3248 lieere
398 3188 540 3249 Neratius
559 3188 680 3249 Priscus
704 3190 826 3249 statuit:
851 3184 1083 3267 ‘magistratum

56 3279 145 3359 {pud
174 3296 265 3354 quem
293 3278 370 3354 legis
398 3278 476 3338 actio
505 3280 564 3356 est,
593 3275 835 3355 et'emaneipere
858 3279 936 3338 filios
960 3295 1029 3336 suos
1053 3281 1084 3335 et

54 3360 87 3430 511
116 3366 318 3443 adoptionem
346 3367 416 3426 dare
444 3367 524 3442 apud
548 3385 579 3427 se
601 3384 688 3443 posse
711 3367 830 3427 Neratii
853 3366 1001 3428 sententia
1025 3359 1082 3425 est'

54 3448 93 3521 D.
114 3462 148 3533 1,
170 3460 202 3534 7,
222 3457 251 3516 4.
296 3474 387 3533 quam
420 3456 599 3516 sententiam
630 3476 648 3516 a
674 3457 804 3533 posteris
831 3456 989 3532 probatam
1018 3473 1083 3515 esso

54 3554 118 3611 non
144 3543 290 3606 traditur.
