2422 3976
93 199 164 263 *454
200 198 233 252 v.
251 197 401 252 unauna
421 197 467 252 nr
486 196 638 252 ramur
655 197 762 251 rrur.
781 197 879 252 ruere
899 195 1080 253 coneum

98 365 142 427 uel
162 383 250 444 quem
267 362 405 444 prelium
421 362 538 443 peculii
555 363 707 442 5555555
731 364 737 441 Ι
762 366 798 426 al
813 382 883 425 eum
905 361 992 426 lues
1009 363 1108 426 iussus

97 452 303 533 eslpeeuliuru
321 452 396 515 dure
413 455 533 531 acceptu
551 456 632 514 eerlu
649 470 780 528 summa,
803 471 868 514 nou
884 452 1006 515 villelm
1019 450 1106 533 perir

99 541 236 605 luridum
258 559 320 604 esse
335 540 500 620 5555555.

452 688 502 754 De
523 691 558 754 iu
580 709 644 753 555
666 709 758 754 uersu.

186 797 238 860 66.
273 793 311 859 D.
332 796 386 877 15,
405 795 439 876 3,
459 795 488 860 2.
538 795 709 860 Iavolenus
741 794 823 859 libro
853 794 1044 860 duodecimo
1070 817 1103 859 er

98 881 220 949 Caesio.
247 919 285 930 -
315 883 377 962 Qui
398 886 535 948 urimmis
557 885 684 966 acceptis
705 904 825 948 seruum
843 886 1036 963 manumisit,
1057 884 1104 966 uui

97 993 166 1038 555
193 994 226 1037 eo
252 974 288 1037 ele
314 974 349 1037 iu
375 993 440 1036 rem
467 993 551 1037 uerso
578 994 641 1037 nou
658 978 768 1057 polest,
795 973 872 1054 quia
894 974 999 1038 dando
1021 973 1100 1038 liler-

98 1067 190 1127 luleui
213 1062 386 1142 locupletior
407 1082 445 1126 ea
466 1063 603 1127 numinis
624 1082 687 1126 uuu
709 1063 753 1144 fil.

186 1152 237 1215 67.
265 1149 303 1215 D.
330 1148 384 1234 15,
408 1150 442 1233 3,
466 1151 495 1214 9.
540 1149 713 1214 Iavolenus
743 1147 826 1214 libro
855 1150 1042 1216 duodecimo
1067 1171 1099 1213 ex

96 1237 218 1304 Cassio.
237 1277 281 1286 —
299 1238 336 1303 Si
358 1260 426 1303 uero
445 1245 536 1320 paler
553 1240 650 1304 ulolem
669 1241 799 1304 elaturus
815 1259 879 1303 555
893 1239 968 1322 fail,
991 1241 1026 1304 in
1042 1258 1096 1302 rem

91 1329 196 1409 pullis
219 1348 338 1393 nusum
361 1348 422 1392 esse
444 1349 507 1392 nou
529 1329 654 1392 uidetur.

186 1439 223 1498 ef.
246 1438 281 1496 D.
303 1441 353 1516 15,
373 1441 402 1516 3,
423 1442 451 1516 7,
471 1440 489 1498 5
513 1438 582 1514 Ulp.
611 1439 644 1498 Si
675 1439 756 1498 filius
787 1439 919 1498 familias
952 1439 1093 1515 pecuniam

59 1525 62 1534 '
95 1530 252 1586 muluatus
284 1547 337 1603 pro
370 1527 433 1586 filia
465 1546 519 1586 sua
548 1527 648 1587 dotem
677 1527 804 1605 dederit,
837 1528 869 1586 in
897 1547 962 1587 rem
989 1544 1091 1587 versum

95 1616 191 1692 patris
214 1616 346 1694 videtur,
370 1620 518 1691 quatenus
541 1635 615 1676 avus
638 1635 692 1692 pro
715 1619 805 1692 nepte
828 1616 956 1677 daturus
979 1617 1042 1676 fuit.

495 1829 604 1887 Liber
625 1829 707 1888 XIII.

476 1947 526 2012 ne
547 1949 725 2013 55555.
805 1916 807 1922 ’
900 1911 903 1916 ’

185 2065 235 2129 68.
260 2063 297 2128 D.
313 2064 365 2141 41,
380 2064 410 2143 2,
425 2064 476 2127 22.
527 2062 615 2127 Idem
641 2063 697 2144 (se.
721 2062 905 2150 Iavolenus)
930 2064 1012 2128 libro
1039 2065 1085 2124 ler-

95 2152 142 2216 iio
176 2152 297 2216 decimo
331 2175 369 2214 ex
402 2151 522 2217 Cassio.
558 2188 595 2196 -
631 2151 704 2216 Nou
735 2153 854 2217 nielelur
884 2153 1084 2236 possessarum

96 2245 222 2324 adeptus
245 2241 273 2305 is
295 2243 348 2321 qui
372 2242 415 2303 itu
438 2246 546 2304 uarius
569 2245 622 2323 esi,
639 2246 674 2303 ul
691 2262 759 2305 euru
777 2243 906 2315 relinere
924 2264 985 2306 555
997 2236 1083 2323 pusril.

185 2331 236 2396 69.
265 2329 301 2392 D.
317 2331 370 2411 43,
389 2329 419 2409 5,
434 2331 462 2393 5.
505 2328 676 2392 Iavolenus
700 2331 783 2393 libro
806 2331 904 2394 tertio
925 2331 1040 2394 decimo
1056 2345 1082 2386 ex

97 2418 218 2484 Cassio,
246 2455 282 2464 -
308 2418 357 2482 De
380 2419 494 2482 tubulis
510 2419 705 2498 proferendis
728 2421 924 2484 iulerrlieluiu
945 2421 1083 2500 rumpetur

95 2530 157 2572 unu
180 2513 300 2589 uporlel,
323 2508 351 2571 si
372 2507 549 2571 lereelilalis
571 2510 775 2571 euirlrouereiu
797 2528 835 2570 ea
857 2508 906 2572 leis
925 2509 1030 2590 peudel
1043 2502 1084 2567 uul

95 2599 123 2661 si
141 2598 184 2660 acl
195 2597 353 2678 publicam
371 2598 576 2675 quaesliuueui
592 2598 731 2677 pertinet.
755 2598 857 2676 itaque
875 2598 910 2660 iu
928 2599 998 2661 ueele
1012 2607 1083 2660 surra

95 2687 220 2748 inierim
243 2686 435 2764 deponendae
456 2690 530 2749 saul
552 2690 608 2747 aul
630 2687 714 2765 apud
735 2687 838 2748 uirum
861 2687 1010 2750 idoneum.

185 2775 235 2837 70.
260 2773 297 2836 D.
313 2773 364 2854 50,
381 2775 431 2855 17,
449 2775 518 2837 198.
565 2773 735 2836 Iavolenus
760 2774 843 2837 libro
864 2769 1081 2838 tertiodecimo

96 2883 134 2924 ex
154 2859 276 2925 Cassio,
297 2899 338 2907 —
359 2863 463 2942 Neque
485 2863 520 2926 iu
542 2862 699 2926 iulerelielu
717 2883 811 2943 aeque
829 2863 863 2926 in
881 2864 986 2927 celeris
1002 2855 1082 2926 musis

88 2950 211 3033 plurillo
243 2971 347 3014 uouere
378 2956 492 3033 operia
522 2951 625 3014 dolum
654 2952 775 3030 tortoris,
807 2952 869 3015 siue
896 2952 1029 3016 solvende
1051 2943 1083 3008 lii

94 3041 158 3103 siue
179 3059 242 3102 neu
264 3044 316 3102 esl.

496 3169 604 3227 Liber
622 3168 702 3227 XIV.

183 3293 247 3352 Hae
275 3294 351 3351 libro
375 3293 410 3350 de
433 3292 550 3368 legibus
574 3292 740 3369 valerium,
765 3292 881 3351 seilicet
904 3293 962 3350 XII
985 3285 1078 3349 tabula·

95 3400 171 3456 rum,
194 3382 326 3457 Aquilia,
345 3379 456 3456 Ginaia,
475 3381 609 3439 Falcidia
628 3382 741 3439 dietum
759 3382 853 3440 fuisse
872 3381 966 3440 Lenel
982 3372 1079 3439 iudicat,
1128 3426 1130 3443 ,

95 3469 126 3527 id
164 3471 242 3544 qued
280 3490 346 3528 eum
378 3470 615 3547 fragmentorum
649 3472 836 3548 argumentis
869 3469 1009 3529 convenil,
1056 3456 1078 3514 ai
1128 3448 1130 3541 l

95 3558 332 3635 fragmentorum
367 3559 425 3618 duo
458 3577 568 3636 genera
602 3577 665 3617 esse
697 3561 836 3635 apparel,
869 3579 961 3617 unum
991 3563 1076 3616 eornm
1128 3546 1130 3641 l
