2422 3976
366 205 392 256 e.
414 198 621 255 IAVOLDNUS
639 199 789 257 PRISOUS
1016 200 1083 267 443

63 362 244 447 aedificium
265 362 444 446 inpositum
465 368 518 444 est,
540 368 704 446 utrumque
720 364 873 429 debebitur
890 370 920 430 et
935 365 1037 431 seium
1054 370 1084 431 et

95 473 112 535 ῃ
155 472 163 535 ³
264 500 273 516 ⁴
376 522 426 588 ee
448 523 610 588 iuuene
631 523 776 589 suern?

158 628 209 695 16.
231 626 272 694 D.
286 628 316 713 5,
330 630 361 713 3,
374 629 427 694 48.
469 629 641 694 Iavolenus
664 629 748 694 libre
771 630 872 695 tertio
895 652 934 695 ex
957 629 1081 697 Cassio.

61 717 179 783 -In
198 718 463 783 aestimationibus
484 718 662 783 hereditatis
684 719 730 783 ite
751 720 834 783 uenit
850 720 987 800 pretium
1010 741 1081 785 ven-

61 807 150 872 ditee
169 805 355 891 hereditatis,
376 811 413 871 nt
433 807 468 872 id
488 827 606 889 queque
627 808 756 889 decedet,
778 809 860 889 qued
874 808 950 890 pius
965 806 1031 888 suit
1046 810 1082 873 in

61 894 239 979 hereditate,
261 896 291 960 si
312 916 350 960 ee
370 896 584 979 nepetietienis
605 916 700 960 eeuse
721 898 831 974 eeniit;
853 897 903 960 sin
925 902 1027 961 eutem
1044 917 1082 962 en

61 984 294 1087 fideteemmissi
315 1004 418 1066 eausa,
440 984 521 1048 nibil
543 985 680 1067 emptius
701 1006 796 1066 quem
818 986 899 1068 qued
919 984 999 1050 bene
1021 986 1083 1067 {ide

62 1077 190 1156 ‘'W‘'
392 1141 442 1209 ee
463 1143 627 1209 neruine
649 1143 756 1208 eremi.

157 1248 207 1315 17.
232 1248 270 1313 D.
285 1251 337 1334 38,
351 1251 383 1336 2,
395 1249 447 1314 34.
484 1249 656 1315 Iavolenus
677 1250 761 1315 libro
781 1251 879 1316 tertio
898 1272 937 1315 ex
958 1249 1080 1317 Cassio.

61 1370 111 1387 ·-
131 1336 172 1403 Si
193 1338 325 1423 libertus,
348 1359 417 1403 mm
434 1340 512 1404 dues
523 1343 675 1422 petrones
692 1338 820 1421 baberet,
843 1340 976 1405 aiterum
990 1361 1082 1421 pree·

64 1426 158 1510 urite,
180 1427 312 1492 aiterum
335 1448 373 1493 ee
394 1429 516 1493 semisse
536 1428 609 1507 feeit
629 1428 766 1492 heredem
783 1432 812 1493 et
828 1429 920 1493 elteri
936 1434 1081 1495 eutreneo

60 1515 220 1582 semissem
231 1516 400 1600 dereliquit,
414 1518 546 1600 seriptns
554 1518 676 1599 quidem
685 1522 839 1598 patrenus
849 1515 1081 1601 quadrantem¹

63 1605 234 1669 irnmunem
264 1604 368 1683 bebet;
400 1606 437 1670 de
465 1610 563 1671 cetere
589 1611 693 1670 eutem
714 1610 806 1687 perte
826 1607 970 1689 petroni,
1002 1628 1081 1689 quae

64 1712 162 1779 enpre
184 1693 317 1759 debitum
334 1694 364 1758 ei
380 1695 487 1759 relicte
504 1699 555 1772 est,
577 1700 607 1759 et
622 1697 659 1759 de
677 1695 799 1760 semisse
816 1699 960 1761 extreme
977 1696 1080 1762 reiiete

65 1782 158 1847 uitem
174 1787 310 1864 petrene
329 1803 389 1863 pre
409 1788 482 1847 rete
499 1784 640 1865 pertiene
661 1784 808 1865 satisfieri
830 1789 950 1866 opertet.

481 1963 590 2024 Liber
611 1964 664 2025 IV.

429 2065 479 2131 De
501 2067 569 2130 iure
590 2068 716 2131 dotium.

155 2170 207 2236 18.
227 2169 264 2235 Ι).
274 2171 327 2254 23,
336 2170 367 2254 4,
382 2172 455 2255 lpr.
487 2170 659 2236 Iavolenus
673 2172 758 2237 libro
773 2177 889 2256 quarte
905 2171 1076 2238 excessio.

67 2290 107 2305 ·-
122 2257 249 2324 Peeisei
255 2265 329 2342 post
339 2263 474 2342 nuptias,
492 2262 615 2325 etiamsi
627 2261 708 2325 nibil
721 2266 793 2325 ente
806 2263 983 2340 conuenerit,
1002 2262 1080 2327 lieet.

154 2347 207 2413 19.
236 2347 275 2412 D.
293 2348 369 2413 ibid.
389 2352 453 2427 §L
479 2386 517 2395 -
542 2348 641 2414 Peete
667 2371 746 2432 quee
772 2352 809 2414 de
834 2351 988 2415 reddende
1012 2351 1080 2416 dete

65 2436 160 2522 fiunt,
187 2437 269 2502 inter
290 2458 393 2502 emnes
414 2439 485 2519 fieri
507 2443 633 2523 opertet,
659 2441 714 2521 qui
736 2444 866 2522 repetere
887 2441 985 2504 detem
1007 2443 1036 2503 et
1057 2461 1079 2504 e

66 2525 177 2609 mens
198 2527 294 2608 repeti
308 2531 418 2610 petest,
440 2548 479 2591 ne
500 2528 537 2608 ei,
559 2528 614 2609 qui
634 2547 697 2592 nen
720 2529 870 2610 interfuit,
892 2529 978 2610 apud
997 2528 1079 2592 erbi-

66 2616 151 2679 trnm
174 2620 393 2697 desuescentem
409 2620 539 2697 paetum
561 2636 623 2680 nen
641 2617 750 2698 presit.

154 2702 207 2767 20.
230 2702 269 2767 Ι).
283 2704 337 2785 23,
350 2704 380 2785 3,
395 2703 446 2768 64.
483 2702 654 2769 Iavolenus
669 2705 754 2769 libre
770 2708 885 2788 quarto
901 2702 1077 2770 excessio.

63 2820 110 2836 -
138 2789 216 2856 Post
244 2792 410 2857 divertium
441 2793 554 2857 mutim
584 2795 614 2857 si
644 2794 680 2857 de
707 2794 773 2857 dete
800 2793 970 2877 [meritus]
997 2793 1078 2858 nibil

62 2880 148 2944 ceeit
172 2883 212 2963 ei,
242 2899 312 2945 eum
339 2881 398 2945 etii
425 2882 590 2964 nupsisset,
611 2886 719 2962 pestee
746 2884 789 2946 ed
811 2883 948 2965 priorem
974 2884 1078 2947 uirum

62 2968 165 3047 rediit,
187 2969 276 3034 teeite
298 2970 402 3034 desei
424 2971 657 3052 redintepretur.

488 3151 598 3211 Liber
620 3152 657 3213 V.

482 3250 533 3318 De
555 3253 663 3317 tutelis.

155 3360 207 3424 21.
229 3358 267 3425 D.
283 3359 336 3436 26,
350 3359 380 3442 2,
395 3359 447 3423 24.
484 3357 654 3423 Iavolenus
674 3359 756 3424 libre
772 3359 884 3442 quinto
900 3356 1076 3424 excessio.

76 3472 115 3492 -
135 3446 171 3514 Si
188 3448 295 3530 piures
318 3451 429 3512 tutores
450 3447 522 3531 siut,
544 3469 566 3512 e
581 3452 725 3530 praetere
745 3445 895 3513 iuterem²
909 3449 995 3529 pesei
1013 3449 1079 3513 titis

141 3572 155 3620 1
175 3567 249 3625 Tne.
268 3567 393 3624 debitam
412 3567 466 3623 sibi
484 3571 602 3638 partem.
675 3574 690 3621 2
713 3568 789 3625 Treb.
808 3570 979 3624 ementem.
