2422 3976
98 186 141 250 82
168 186 214 243 IIL
230 187 306 241 GAII
320 185 467 241 CLAUDII
480 184 614 242 Nonou.
625 185 769 241 GALBAE
780 185 886 243 TEMP.
896 185 995 242 IURIS
1005 185 1107 244 CONS.

97 349 236 433 publicis
264 349 377 413 relicta
405 348 439 413 in
465 351 608 433 privatos
637 371 714 413 usus
741 349 862 414 reverti
886 352 980 414 etex
1004 349 1107 415 libero

97 461 208 503 servus
236 438 308 502 fieri
333 441 450 522 potest.
494 460 571 503 nam
597 441 724 502 etcum
749 437 1106 522 quisremprofcnam

98 531 154 590 aut
173 523 320 591 Stichum
339 527 407 590 dari
427 527 585 610 promisit,
607 527 772 603 liberatur,
796 527 823 590 si
842 526 910 590 sine
929 526 1017 592 facto
1037 526 1106 591 eius

96 637 147 680 ros
172 637 264 680 sacra
287 636 357 679 esse
381 618 523 699 coeperit
546 620 602 679 aut
620 613 749 679 Stichus
770 615 810 679 ad
829 616 1015 680 libertatem
1033 638 1106 701 per·

96 705 228 788 venerit,
252 725 310 768 nec
329 707 520 768 revocantur
538 704 572 767 in
590 703 833 786 obligationem,
856 703 884 768 si
901 726 1013 768 rursus
1032 705 1105 790 lege

97 793 206 876 aliqua
232 795 265 856 et
292 814 342 856 res
371 814 463 857 sacra
490 793 626 875 profana
654 815 723 856 esse
746 794 889 876 cooperit
915 795 949 856 et
975 789 1107 858 Stichus

96 903 135 946 ex
166 879 269 946 libero
303 903 413 946 servus
445 881 576 946 effectus
606 881 656 946 sit.
706 879 822 963 <Celso
854 885 965 945 tamen
994 885 1108 946 contra

96 971 201 1035 visum
224 970 305 1054 est>
327 970 480 1054 quoniam
503 992 567 1034 unc
591 974 685 1054 utque
715 970 826 1034 eadem
850 990 948 1034 causa
971 975 1004 1033 et
1027 970 1106 1034 libc-

96 1059 189 1122 randi
208 1063 240 1129 et
259 1058 427 1142 obligandi
446 1061 540 1141 esset,
564 1059 649 1141 quod
669 1063 724 1123 aut
748 1059 818 1122 dari
840 1079 906 1123 non
924 1057 1031 1141 possit
1050 1061 1106 1123 aut

96 1147 166 1211 dari
181 1146 299 1232 possit,
318 1169 395 1211 nam
410 1152 442 1210 et
457 1147 624 1229 sinerem,
643 1169 740 1230 quam
755 1147 937 1231 spopondit,
956 1146 1105 1214 dominus

96 1236 244 1300 dissolvit
262 1240 295 1299 et
313 1235 415 1300 isdem
435 1235 557 1300 tabulis
574 1235 782 1319 compegerit,
801 1236 875 1320 quia
889 1235 1001 1299 eadem
1015 1236 1106 1300 naris

96 1330 194 1409 esset,
222 1324 380 1407 inciperet
402 1324 550 1408 obligari.
596 1346 654 1407 pro
679 1346 743 1408 quo
767 1330 800 1388 et
821 1322 902 1388 illud
925 1322 989 1388 dici
1011 1345 1105 1407 posse

95 1412 212 1478 Pedius
245 1413 372 1477 scribit:
405 1413 433 1477 si
461 1413 634 1496 stipulatus
663 1412 753 1478 fuero
782 1434 820 1476 ex
847 1411 947 1478 fundo
976 1417 1104 1477 centum

96 1501 268 1585 amphoras
296 1502 376 1584 vini,
405 1506 590 1584 exspectare
613 1500 728 1580 debeo,
757 1501 857 1566 donec
878 1505 1047 1585 nascatur,
1075 1506 1106 1564 et

97 1590 125 1653 si
148 1594 262 1654 natum
286 1591 353 1653 sine
378 1589 471 1673 culpa
489 1590 697 1673 promissoris
716 1594 944 1673 consumptum
964 1589 1017 1674 sit,
1038 1611 1105 1654 rur·

96 1700 166 1741 sum
188 1682 371 1760 exspectare
391 1678 533 1759 debeam,
557 1679 657 1744 donec
675 1680 792 1743 iterum
813 1681 964 1743 nascatur
983 1682 1016 1742 et
1036 1677 1103 1742 dari

95 1767 207 1849 possit,
230 1772 262 1830 et
285 1788 341 1849 per
364 1767 423 1829 has
448 1767 531 1830 vices
555 1771 612 1830 aut
635 1771 832 1832 cessaturam
853 1769 910 1831 aut
929 1767 1103 1832 valituram

96 1854 347 1938 stipulationem.

184 2088 224 2146 Π.
247 2089 299 2148 Ad
322 2089 477 2149 edictum
500 2090 681 2166 praetoris
705 2085 896 2169 (urbani‘?>
919 2090 1016 2149 libri.

182 2213 358 2271 Laudentur
380 2213 449 2272 libri
472 2213 602 2273 aPaulo
623 2215 656 2273 D.
673 2216 724 2287 37,
740 2218 768 2290 1,
784 2217 812 2289 6,
828 2216 846 2272 2
872 2207 1008 2293 (Pedius
1030 2215 1103 2274 libro

96 2301 256 2360 vicensimo
288 2303 392 2378 quinto
425 2303 463 2361 ad
491 2302 621 2360 edictum
653 2297 793 2382 scribit').
843 2302 976 2362 eiusdem
1005 2307 1104 2379 aperto

95 2390 192 2465 operis
216 2394 286 2449 sunt
308 2390 392 2450 Pedii
414 2391 493 2468 libri,
519 2392 570 2466 qui
593 2392 631 2449 ab
654 2390 783 2466 Ulpiano
806 2391 891 2450 libris
915 2392 953 2450 ad
977 2392 1103 2452 edictum

95 2480 268 2557 efferuntur,
288 2479 399 2539 scilicet
418 2479 494 2538 liber
508 2480 568 2538 VH
586 2472 636 2558 (D.
652 2482 681 2556 3,
697 2482 725 2554 5,
741 2482 770 2558 5,
786 2483 824 2539 11
845 2473 1014 2556 ‘quaeritur
1028 2480 1102 2556 apud

94 2569 218 2626 Pedium
245 2569 322 2628 libro
351 2564 500 2643 septimo'.
545 2569 579 2626 D.
596 2571 625 2643 4,
642 2571 670 2643 2,
688 2571 758 2644 7pr.
783 2564 905 2628 ‘Pedius
932 2569 1007 2628 dicit
1029 2569 1103 2628 libro

95 2649 260 2738 septimo'),
296 2657 373 2716 VIII
405 2649 455 2735 (D.
475 2658 504 2732 4,
525 2659 552 2728 2,
573 2659 662 2730 145
696 2650 816 2716 ‘Pedius
836 2701 843 2716 .
864 2703 870 2716 .
888 2657 983 2717 libro·
1000 2661 1103 2718 octavo

94 2739 218 2804 scribit'.
264 2746 300 2803 D.
320 2746 349 2822 4,
369 2746 397 2822 3,
419 2748 446 2818 1,
466 2747 486 2802 4
511 2740 630 2804 ‘Pedius
659 2745 736 2804 libro
764 2748 869 2805 octavo
894 2739 1040 2828 scribit’),
1067 2743 1103 2804 lX

94 2823 143 2913 (D.
164 2835 193 2908 4,
216 2838 242 2908 7,
263 2837 292 2909 4,
313 2836 331 2892 2
361 2827 481 2892 ‘Pedius
509 2834 586 2893 libro
614 2853 691 2894 nono
781 2828 845 2894 ait'.
891 2835 927 2894 D.
944 2837 973 2910 4,
989 2837 1020 2915 8,
1035 2839 1102 2912 7pr.

94 2915 216 2980 ‘Pedius
244 2922 320 2981 libro
348 2941 424 2981 nono
453 2925 483 2981 ct
505 2922 688 2999 Pomponius
714 2924 791 2984 libro
814 2924 991 3000 trigcnsimo
1015 2923 1101 2983 tertio

94 3004 248 3069 scribunt'.
294 3010 329 3069 D.
347 3013 376 3086 4,
392 3013 420 3088 8,
438 3013 521 3088 13,2
551 3006 671 3070 ‘Pedius
698 3011 776 3071 libro
804 3030 881 3071 nono
910 3007 1024 3094 dicit'),
1050 3009 1103 3070 XV

94 3091 144 3177 (D.
161 3103 209 3167 14,
226 3101 299 3175 41,
316 3101 332 3157 1
354 3094 474 3159 ‘Pedius
493 3100 569 3159 libro
590 3100 693 3176 quinto
711 3100 825 3160 decimo
841 3093 966 3160 scribit'.
1006 3101 1101 3171 1215,

96 3191 123 3263 1,
144 3190 211 3262 7,3
245 3181 370 3247 ‘Pedius
407 3188 482 3248 libro
520 3189 624 3265 quinto
659 3188 772 3248 decimo
806 3183 944 3268 scribit').
1000 3189 1103 3249 iisdem

94 3276 177 3334 libris
205 3274 290 3334 Pedii
318 3278 482 3336 sententiae
511 3277 719 3336 attribuendae
743 3281 813 3337 sunt
845 3297 863 3336 a
890 3277 986 3338 Paulo
1020 3276 1102 3338 libris

93 3366 131 3423 ad
154 3365 284 3424 edictum
307 3365 423 3425 allatae.

183 3452 258 3513 Cum
281 3473 340 3512 non
367 3455 464 3513 minus
487 3453 570 3512 XXV
593 3455 685 3514 libros
709 3455 899 3531 continuerit,
922 3454 1009 3513 Pedii
1032 3470 1103 3531 opus

92 3541 181 3619 longe
205 3542 421 3617 amplissimum
445 3561 547 3601 sorum
570 3547 623 3617 est,
647 3562 722 3618 quac
746 3545 784 3602 ad
807 3544 938 3603 edictum
957 3542 1103 3620 praetoris
