2422 3976
1006 123 1085 184 XVII

66 292 179 354 livione
197 291 369 352 vindicatus
383 294 415 351 et
428 292 562 352 virorum
575 292 818 353 doctissimorum
832 312 924 370 opera
938 298 970 355 et
984 297 1085 356 studio

64 382 163 458 magis
191 381 349 459 magisque
375 381 495 440 restitui
524 383 648 457 coeptus
676 384 735 460 est,
763 402 823 442 non
851 383 939 443 modo
967 384 1085 446 dehoc

64 470 140 530 iuris
162 469 270 547 perito,
288 470 341 530 sed
360 470 453 529 etism
471 470 507 530 de
526 470 656 530 aliorum
668 473 806 532 veterum
821 472 908 531 libris
921 473 1084 551 iniquitate

63 559 266 635 posteriorum
292 562 462 635 temporum
490 558 597 619 misere
625 560 774 635 corruptis
797 561 922 637 sequius
945 561 1081 624 iudicare

64 648 158 708 licuit.
202 646 336 726 Seugny
359 648 489 726 quidem,
512 666 581 708 cum
602 648 635 707 in
657 648 734 708 libro
757 649 810 708 illo
834 650 886 728 qui
905 651 1083 712 inscribitur

66 736 245 798 Geschichte
264 737 316 797 des
334 743 409 796 rdm.
426 736 539 797 Rechts
556 737 598 796 im
612 737 790 797 Mittelalter
803 738 836 796 II
848 759 875 815 p.
888 740 929 800 56
946 735 984 799 de
996 739 1085 800 Pauli

65 826 233 901 sententiis,
252 844 327 902 quas
341 824 495 904 Visigothi
513 825 722 902 adhibuerunt,
740 827 815 886 haec
834 827 1004 904 scripsisset
1018 823 1084 890 ‘das

104 915 191 974 Buoh
210 914 262 974 des
276 915 389 974 Paulus
408 914 517 994 gehdrt
534 916 642 991 gewiss
659 916 692 974 in
711 915 786 975 Plan
805 916 866 974 und
884 917 1081 997 Ausfflhrung

62 1005 155 1063 unter
173 1003 222 1062 die
241 1003 459 1064 sohleohtesten
477 1002 562 1063 nicht
574 1024 633 1063 nur
648 1004 742 1065 dieses
755 1005 937 1083 Verfassers,
954 1007 1084 1067 sondern

64 1093 117 1152 der
135 1092 304 1152 rdmisohon
320 1092 340 1150 J
342 1093 537 1169 urisprudenz
555 1086 746 1170 uberhaupt,
761 1093 883 1152 interim
899 1092 975 1154 Gaio
989 1094 1083 1154 Vero-

63 1182 149 1241 nensi
168 1181 290 1259 cognito
312 1181 345 1240 in
366 1183 517 1242 volumine
535 1181 583 1240 ΙΠ
604 1200 630 1240 a.
652 1184 737 1240 1822
761 1182 843 1241 edito
866 1203 894 1258 p.
921 1184 985 1242 660
1008 1184 1082 1244 haec

63 1270 185 1330 adiecit:
209 1264 276 1329 ‘Die
294 1270 509 1331 Institutionen
528 1270 579 1330 des
598 1270 700 1346 Gaius,
722 1270 812 1330 deren
831 1289 956 1350 grossen
974 1271 1080 1330 Reioh-

62 1363 128 1418 tum
152 1359 211 1420 wir
229 1361 291 1419 erst
304 1359 380 1434 jetzt
398 1378 436 1418 zu
454 1359 623 1419 beusteilen
640 1365 811 1436 vermdgen,
835 1360 903 1419 sind
922 1360 1018 1420 durch
1035 1361 1083 1420 die

62 1447 297 1525 westgothische
325 1446 529 1525 Bearbeitung¹
561 1467 637 1526 ganz
668 1448 880 1508 unbedeutend
913 1449 1082 1528 geworden,

62 1537 123 1596 und
150 1536 308 1598 vielleicht
333 1537 376 1596 ist
399 1535 453 1596 das
479 1536 565 1596 Buoh
588 1538 639 1598 des
662 1536 777 1598 Paulus
802 1538 896 1597 durch
920 1538 1001 1598 diosc
1023 1537 1081 1598 Be·

63 1625 225 1704 srbeitung
242 1626 328 1685 nicht
345 1625 477 1704 weniger
495 1621 541 1686 als
560 1626 613 1685 dss
632 1626 684 1686 des
698 1625 790 1687 Gaius
811 1621 969 1686 entstellt'.
1002 1646 1080 1704 quae

61 1713 338 1776 rerbainsecunda
347 1733 464 1791 quoque
474 1714 573 1790 operis
582 1715 712 1775 editione
721 1709 968 1795 inveniuntur(H
976 1709 1080 1795 p.57)‚

64 1803 119 1862 sed
138 1804 184 1862 its
203 1805 336 1863 mutsta:
362 1796 525 1863 ‘vielleicht
542 1804 584 1863 ist
603 1805 656 1864 das
675 1804 760 1863 Buch
779 1803 831 1863 des
851 1804 965 1864 Paulus
986 1804 1080 1863 durch

63 1891 205 1967 geistlose
223 1892 411 1970 Abkflrzung
428 1892 513 1952 nicht
530 1892 590 1953 viel
608 1894 741 1970 weniger
760 1887 915 1970 entstellt'.
948 1895 981 1952 at
1000 1892 1080 1970 quod

64 1980 102 2039 de
128 1980 329 2059 fungibilibus
351 1984 488 2043 veterum
510 1982 704 2058 prudentium
727 1983 861 2058 personis
884 1982 1015 2060 dixerut,
1042 1999 1079 2040 ne

62 2069 92 2128 in
114 2069 234 2130 iteratis
258 2069 380 2147 quidem
403 2071 539 2147 opusculi
563 2070 743 2130 editionibus
767 2061 925 2131 mutavit.¹

148 2159 266 2218 Nostra
293 2162 406 2238 aetate,
438 2178 507 2219 cum
535 2159 746 2219 Theodorus
769 2160 964 2219 Mommsen
990 2159 1081 2236 Dige-

61 2250 180 2307 storum
202 2267 313 2308 novam
336 2248 497 2308 sditionem
521 2249 602 2307 omni
624 2252 690 2308 arte
713 2249 818 2308 critica
837 2251 974 2307 ornatam
992 2267 1080 2323 paru·

59 2337 155 2396 visset
191 2339 224 2396 et
256 2339 326 2412 post
354 2335 511 2412 Adolphi
545 2337 725 2396 Friderici
755 2337 943 2396 Rudorffii
975 2329 1079 2396 curas²

60 2425 194 2484 edictum
221 2427 400 2500 perpetuum
427 2426 465 2484 ab
489 2425 622 2485 Ottone
645 2426 795 2486 Lanelio
819 2427 931 2501 optime
955 2426 1079 2484 restitu-

58 2516 130 2572 tum
153 2516 239 2587 esset,
263 2514 325 2572 iam
349 2515 511 2575 videbatur
537 2515 683 2573 librorum
704 2516 736 2574 in
758 2514 920 2573 Iustiniani
943 2514 1078 2591 Digestis

60 2601 269 2662 adhibitorum
287 2621 358 2662 vera
376 2604 523 2678 quaedam
541 2604 746 2680 palingenesia
765 2603 902 2679 componi
920 2621 1017 2680 posse.
1048 2605 1079 2662 et

60 2690 155 2750 edidit
193 2710 269 2768 opus
305 2692 593 2751 desideratissimum
630 2696 661 2751 et
697 2693 736 2751 ed
768 2693 814 2751 ius
847 2692 1015 2751 Romanum
1048 2695 1079 2751 et

59 2782 199 2841 veterum
218 2780 484 2856 iurisprudentiam
498 2782 617 2857 penitus
632 2780 868 2859 cognoscendum
882 2781 1077 2840 utilissimum

59 2868 141 2928 idem
163 2869 213 2929 vir
235 2869 426 2929 doctissimus
449 2870 543 2929 Lenel
566 2890 643 2929 enno
669 2862 782 2931 1889.³

134 3079 158 3128 1.
185 3072 258 3128 Vom
288 3075 374 3128 Beruf
401 3077 453 3130 etc.
501 3075 652 3130 Neudruch
683 3075 756 3130 nach
789 3073 838 3128 der
870 3073 976 3130 dritten
1007 3072 1077 3127 Auf-

58 3143 126 3215 lsge
146 3146 248 3214 (1840).
284 3144 420 3216 Freiburg
440 3152 507 3200 1892
527 3165 554 3215 p.
570 3151 612 3201 96.

135 3222 160 3270 2.
181 3215 223 3270 De
242 3216 435 3272 iurisdictione
454 3218 586 3273 edictum.
606 3220 683 3272 1869.

132 3292 158 3342 3.
181 3287 380 3357 Palingenesia
401 3288 470 3342 iuris
493 3289 592 3343 civilis.
632 3288 703 3342 Iuris
727 3287 918 3343 consultorum
940 3283 1076 3352 reliquiae

59 3374 133 3427 quae
156 3356 306 3414 Iustiniani
324 3360 448 3430 Digestis
472 3358 650 3414 continentur
675 3359 823 3427 ceteraque
842 3356 1079 3425 iurisprudentiae

59 3428 154 3484 civilis
184 3431 343 3499 fragmenta
373 3433 484 3486 minora
514 3430 666 3486 secundum
693 3433 820 3485 auctores
849 3431 878 3484 et
904 3427 993 3483 libros
1021 3425 1078 3480 dis-

59 3500 158 3568 posuit
176 3500 208 3558 0.
228 3502 258 3557 L.
292 3500 412 3572 Lipsiae.
437 3503 540 3557 2voll.
569 3502 608 3557 4⁰.

117 3598 573 3649 lmupr.mtehcm.xe1aeo.sremer.
594 3601 655 3653 Η,9.
847 3588 868 3647 b
