2422 3976
433 157 458 208 8.
478 151 630 209 URSEIUS
648 153 771 210 FEROX
1045 156 1104 223 181

186 315 237 382 14.
261 314 300 381 n.
315 315 412 401 111,
427 316 478 381 31.
511 313 847 404 samositanus)
866 317 949 384 raro
969 304 1108 386 aeruna

112 403 142 468 ed
166 403 314 470 Urseium
342 404 495 470 Ferocem
524 402 572 492 (P.
591 403 681 490 894).
711 443 754 453 —
784 404 818 471 Si
849 406 938 490 prior
970 409 1107 475 maritus

110 494 267 575 posteriori
305 493 391 558 dotis
427 493 557 558 nomine
594 498 761 579 tamquam
799 493 926 561 debitor
961 498 1106 563 mulieris

109 580 205 647 dotem
222 581 417 668 promiserit,
436 603 502 647 non
520 583 592 667 plus
612 605 708 666 quam
727 582 762 646 id
781 584 866 668 quod
885 585 989 650 facere
1003 588 1109 671 possit

108 669 182 736 dotis
203 670 350 735 futurum
374 691 453 736 esse.

184 758 237 825 25.
261 758 300 823 D.
315 759 368 838 46,
383 760 413 843 3,
427 759 479 824 37.
515 759 605 824 Idem
624 758 680 842 (sc.
695 759 855 844 Iulianus)
869 761 952 827 libro
968 763 1108 829 secundo

107 847 140 912 cd
166 845 319 913 Urseium
346 847 499 913 Ferocem
528 845 576 935 (P.
596 847 685 934 906).
707 886 752 896 -—
775 849 932 926 Quotiens
959 873 1042 916 unus
1071 873 1109 916 ex

51 994 54 1005 .
105 935 313 1018 possmus
331 959 423 1002 suam
441 940 567 1021 partem
586 939 745 1022 solvisset,
763 943 928 1022 tamquam
942 940 1109 1024 negotium

51 1008 54 1109 l
104 1046 152 1091 reo
176 1027 345 1110 gessisset,
371 1026 503 1110 perinde
526 1026 711 1091 habendum
734 1047 808 1111 esse,
831 1049 868 1092 ao
892 1027 919 1091 si
942 1049 1016 1093 reus
1039 1029 1109 1113 ipse

51 1144 53 1185 ι
104 1115 192 1179 unius
221 1112 396 1197 sponsoris²
423 1117 548 1199 partem
578 1115 744 1200 solvisset,
772 1114 827 1180 sed
851 1119 960 1181 tamen
984 1120 1109 1183 utnon

51 1208 55 1287 ξ
104 1223 135 1267 ex
157 1209 248 1269 sorte
271 1203 412 1269 decedat.
792 1227 796 1235 ’

51 1290 55 1407 (
182 1297 230 1356 De
253 1297 333 1356 dotis
356 1297 553 1372 promissione
575 1298 696 1358 videtur
719 1300 820 1357 actum
843 1297 944 1358 fuisse.

51 1422 53 1453 ε
184 1399 238 1464 26.
266 1396 305 1462 D.
325 1399 378 1481 24,
397 1399 426 1480 3,
444 1398 497 1464 59.
542 1398 687 1463 Iulianus
716 1398 799 1464 libro
824 1401 963 1464 secundo
987 1400 1027 1464 ad
1050 1400 1109 1467 Ur-

51 1490 53 1565 ξ
101 1487 198 1553 seium
221 1485 375 1552 Ferocem
399 1484 450 1573 (P.
465 1484 555 1573 895).
581 1525 618 1534 -
644 1487 747 1552 Filiae
773 1510 863 1552 meae
887 1490 1110 1573 emancipatae

100 1581 127 1640 et
153 1597 273 1660 aegrae
302 1576 350 1640 vir
378 1575 412 1640 in
439 1576 501 1641 hoc
530 1577 698 1660 repudium
728 1576 832 1660 misit,
860 1581 896 1640 ut
918 1582 1047 1643 mortua
1071 1600 1109 1643 ea

101 1664 207 1731 dotem
230 1664 338 1748 potius
361 1665 531 1730 heredibus
552 1667 621 1729 eius
640 1686 737 1749 quam
757 1666 837 1729 mihi
855 1665 1009 1732 redderet.
1051 1665 1109 1732 Sa-

98 1751 190 1819 binus
225 1752 353 1818 dicebat
382 1753 461 1818 utile
489 1754 569 1817 mihi
597 1754 665 1819 eius
695 1754 779 1819 dotis
807 1755 1033 1838 reciperandae
1061 1757 1108 1820 iu-

98 1842 215 1909 dicium
239 1841 381 1906 dandum
404 1863 489 1925 esse,
514 1841 614 1907 Gaius
637 1843 731 1908 idem.

325 2017 375 2085 De
398 2020 587 2101 adquirendo
608 2040 714 2084 rerum
737 2021 882 2085 dominic.

182 2127 237 2192 27.
259 2123 298 2190 D.
312 2125 366 2207 45,
379 2126 409 2208 3,
426 2127 474 2190 14
511 2125 657 2191 Iulianus
676 2127 760 2191 libro
780 2129 877 2192 tertio
897 2127 937 2190 ad
959 2126 1107 2191 Urseium

97 2214 250 2291 Ferocem
278 2210 328 2300 (P.
346 2212 436 2300 917).
458 2251 502 2261 -
526 2213 643 2279 Servus
671 2236 762 2280 meus
790 2238 863 2280 cum
892 2216 976 2299 apud
1003 2215 1109 2280 furem

96 2308 193 2384 esset,
222 2303 287 2368 furi
315 2303 383 2367 dari
408 2303 582 2386 stipulatus
607 2307 666 2368 est.
711 2308 811 2387 negat
834 2305 898 2368 furi
922 2305 1029 2368 deberi
1054 2302 1108 2367 Sa·

95 2393 203 2475 binus,
235 2392 312 2477 quia
340 2413 377 2456 eo
405 2395 565 2476 tempore,
600 2414 663 2476 quo
694 2392 868 2477 stipulatus
896 2396 959 2474 est,
987 2391 1016 2455 ei
1043 2413 1110 2456 non

98 2484 242 2548 serviret.

182 2575 277 2634 Lenel
294 2573 340 2634 P.:
364 2569 453 2644 ‘Quid
479 2575 505 2634 si
524 2575 601 2634 furis
624 2576 742 2634 nomine
762 2574 908 2650 mancipio
928 2574 1043 2650 accepit
1060 2574 1109 2634 vel

95 2664 258 2724 traditione
280 2664 500 2739 possessionem
522 2667 628 2722 nactus
652 2658 727 2722 est‘?’

183 2751 267 2823 Quae
299 2754 465 2829 sequuntur
497 2746 564 2811 ‘sed
596 2771 651 2811 nec
684 2770 739 2829 ego
773 2771 808 2810 111
845 2770 880 2810 11
912 2752 1107 2829 stipulatione

95 2860 185 2920 agere
208 2842 322 2916 potero.
364 2841 416 2901 sed
435 2841 460 2900 si
479 2839 707 2903 detrectatoria
726 2858 853 2916 persona
872 2841 1032 2917 stipulatus
1051 2845 1107 2918 est,

97 2931 171 2989 mihi
199 2927 322 3006 quidem
349 2929 518 3005 adquiritur
544 2930 635 3006 actio,
663 2929 715 2988 sed
738 2928 798 2987 furi
820 2948 874 2988 nec
896 2931 1031 2990 mandati
1053 2949 1107 2989 nec

95 3019 156 3078 alia
178 3018 258 3078 actio
281 3017 425 3078 adversus
447 3037 495 3077 me
519 3018 586 3077 dari
608 3012 717 3091 debet',
739 3036 799 3077 non
821 3017 920 3078 Urseii
943 3024 1022 3079 sunt.

64 3199 67 3203 .
184 3118 238 3185 28.
262 3118 301 3183 D.
314 3121 368 3203 41,
383 3120 413 3202 3,
427 3119 479 3186 35.
515 3118 661 3184 Iulianus
679 3119 763 3185 libro
782 3121 879 3184 tertio
900 3120 940 3184 ad
957 3119 1107 3185 Urseium

95 3207 251 3274 Ferocem
283 3205 332 3294 (P.
351 3207 441 3292 913).
468 3244 513 3254 —
541 3205 576 3273 Si
607 3208 719 3291 homo,
752 3209 841 3273 cuius
873 3231 950 3273 usus
982 3208 1106 3271 fructus

94 3298 225 3382 legatus
248 3302 328 3381 erat,
352 3296 392 3361 ab
415 3297 532 3362 herede
552 3318 726 3381 numquam
745 3318 914 3381 possessus
934 3296 1107 3377 subreptus

170 3459 184 3506 1
206 3452 283 3508 Tro.
302 3450 522 3520 fideiussoribus,
540 3455 613 3523 quod
631 3453 716 3509 Leael
733 3459 831 3508 seruat.

168 3529 184 3577 2
206 3523 282 3579 Tau.
300 3522 479 3579 fideiussoris.
