2422 3976
98 201 163 266 302
200 201 233 256 V.
252 199 403 255 NERVAE
423 200 469 254 ET
489 199 642 255 TRAIANI
659 199 766 255 ΤΕΜΡ.
784 199 881 255 IURIS
901 199 1082 256 CONSULTI

97 369 256 447 mentum,
288 364 457 448 interesse,
489 364 573 448 quod
607 384 709 448 genus
741 363 979 450 negotiationis
1006 364 1040 428 in
1074 387 1084 429 ε

99 453 238 517 exerceri
262 453 394 518 solitum
418 453 470 517 sit.

186 541 238 606 21.
270 541 310 606 D.
329 542 381 627 32,
400 543 451 606 24.
496 540 650 607 Neratius
682 541 766 605 libro
795 540 935 606 secundo
963 540 1084 627 Respo]

98 651 216 695 sorum.
244 667 286 678 -
315 629 474 696 Creditori
501 631 548 694 ite
576 631 686 713 potest
712 630 828 713 legari,
857 651 899 694 ne
926 629 1084 695 indebitnr

98 722 139 784 ab
163 741 200 785 eo
224 722 430 803 repeteretur.

393 877 443 942 De
465 879 612 961 emptione
634 879 812 944 venditione.

185 976 237 1052 22.
265 984 567 1067 Ι).19,1,11,12.
613 982 772 1067 Ulpianus
799 983 885 1049 libro
912 985 1084 1070 trigensim

98 1073 236 1139 seeundo
265 1074 304 1138 ad
328 1072 466 1139 edietum
492 1073 541 1157 (P.
560 1069 649 1159 931).
671 1110 715 1120 -
738 1072 829 1137 Idem
854 1069 912 1160 (se.
934 1072 1084 1139 Neratius

97 1162 180 1227 libro
199 1162 337 1227 seeundo
352 1161 594 1245 Responsorum
609 1163 655 1225 ait
669 1167 848 1244 emptorem
862 1162 974 1226 noxali
989 1163 1085 1227 iudici

97 1250 345 1316 condemnatum
372 1271 411 1314 ex
439 1254 546 1334 empto
576 1249 701 1315 actione
729 1251 762 1315 id
789 1253 918 1314 tantum
941 1271 1084 1336 eonaequ

97 1340 211 1424 quanti
234 1339 368 1404 minimo
393 1339 525 1424 defungi
547 1340 663 1423 potuit,
687 1339 834 1422 idemque
852 1344 948 1423 putat
968 1345 1001 1404 et
1019 1342 1047 1405 si
1067 1361 1084 1404 e:

97 1429 254 1512 stipulatu
274 1430 361 1511 aget3
382 1431 415 1492 et
434 1429 499 1492 sive
519 1427 669 1493 defendat
687 1427 797 1492 noxali
813 1428 933 1493 iudicio
949 1430 1016 1495 sive
1030 1450 1084 1494 nor

97 1519 174 1602 quia
204 1516 413 1581 manifestum
445 1516 509 1580 fuit
540 1517 672 1581 noxium
700 1538 826 1582 servum
854 1516 970 1600 fnisse,
1002 1516 1084 1581 nihil«

97 1606 204 1670 minus
228 1605 341 1670 velex
366 1605 523 1689 stipulatu
548 1605 597 1669 vel
622 1627 659 1669 ex
684 1608 791 1689 empto
817 1626 913 1690 agere
935 1628 1040 1691 posse.

414 1763 464 1830 De
485 1785 525 1829 ac.
548 1763 784 1830 Macedonicae.

184 1870 236 1935 23.
260 1869 299 1935 D.
315 1871 368 1952 14,
382 1872 411 1954 6,
426 1872 501 1954 ipr.
536 1869 695 1954 Ulpianus
717 1870 803 1936 libro
821 1871 1000 1936 vicensimo
1017 1890 1084 1936 non(

97 1959 137 2023 ad
166 1960 303 2024 edictum
332 1959 380 2044 (P.
400 1959 503 2044 876b).
535 1996 572 2005 —
604 1960 677 2024 ..si
698 1959 786 2024 filius
810 1960 952 2025 familias
975 1960 1084 2024 fideius·

97 2047 189 2130 serit,
215 2046 369 2112 Neratius
395 2049 479 2112 libro
503 2049 608 2131 primo
637 2051 670 2111 et
698 2049 836 2113 secundo
861 2048 1084 2133 Responsorun

96 2158 220 2202 cessare
245 2142 374 2201 senatus
398 2138 580 2202 consultum
605 2137 660 2200 ait.

502 2295 552 2361 De
568 2297 698 2378 peculio.

183 2403 235 2467 24.
259 2402 452 2484 1).15,1,9,
469 2403 496 2466 1.
532 2400 694 2485 Ulpianus
717 2402 800 2466 libro
821 2404 995 2468 vicensimo
1013 2416 1082 2465 nono

96 2490 135 2554 ad
164 2492 304 2555 edictum
333 2489 382 2576 (P.
402 2491 505 2574 852⁰).
528 2527 572 2536 -—
668 2492 696 2555 si
725 2492 799 2574 quid
827 2491 976 2556 dominus
999 2491 1035 2555 ab
1055 2503 1083 2548 0⁰

95 2581 150 2664 qui
176 2601 244 2644 rem
271 2579 467 2663 peculiarem
496 2580 658 2662 subripuit
684 2579 737 2644 vel
765 2586 957 2645 consecutus
981 2570 1081 2643 estol

95 2668 247 2750 eonsequi
279 2671 399 2751 potest,
431 2669 466 2732 in
497 2669 659 2750 peculium
691 2690 761 2732 esse
789 2670 847 2749 [ei]
876 2666 1079 2753 imputandum

95 2754 248 2819 Neratius
272 2757 354 2821 libro
378 2757 517 2821 seeundo
541 2756 784 2840 Responsorum
808 2759 930 2824 scribit.

456 2917 511 2981 Aa
532 2916 740 2982 exhibendam.

183 3022 248 3086 25⁸.
285 3020 325 3086 D.
350 3023 401 3105 10,
424 3025 453 3105 4,
477 3022 507 3105 5,
530 3024 560 3086 4.
615 3020 775 3104 Ulpianus
809 3023 893 3088 libro
928 3021 1079 3114 vicensimo

95 3114 209 3194 quarto
238 3110 278 3175 ad
306 3112 443 3176 edictum
473 3109 520 3196 (P.
542 3108 629 3195 120).
652 3147 694 3157 -
719 3161 747 3176 ..
768 3112 795 3175 si
824 3113 903 3176 ratis
928 3114 1030 3176 delata
1048 3101 1079 3169 sli

93 3200 125 3263 11
145 3198 286 3263 fluminis
309 3200 342 3263 in
367 3221 480 3284 agrurn
504 3199 645 3284 alterius,
667 3221 763 3282 posse
785 3221 857 3263 eum
877 3200 1034 3266 conveniri
1051 3188 1079 3256 ad

94 3287 308 3351 exhibendum
332 3285 485 3352 Neratius
514 3289 634 3352 scribit.
679 3288 762 3352 unde
786 3290 915 3372 quaerit
938 3286 1080 3356 Neratius,

94 3381 201 3441 utrum
226 3375 396 3440 defuturo
420 3377 589 3441 dumtaxat
612 3377 728 3441 damno
752 3399 792 3440 an
818 3383 850 3441 et
868 3378 907 3442 de
926 3372 1080 3462 praeterito

94 3464 224 3528 domino
249 3466 319 3549 agri
344 3467 518 3529 cavendum
544 3466 596 3548 sit,
620 3471 652 3529 et
675 3467 722 3530 ait
745 3465 843 3531 etiam
868 3467 906 3531 de
926 3460 1081 3550 praeterito

94 3553 198 3617 caveri
223 3557 379 3635 oportere.
