2422 3976
94 189 159 254 228
185 188 233 245 IV.
246 186 463 243 VESPASIANI
476 187 548 242 ΤΙΤΙ
561 186 755 243 DOMITIANI
769 186 880 245 ΤΕΜΡ.
892 185 990 242 IUltIS
1004 184 1093 243 (lONS

185 352 248 416 16?
288 350 327 414 D.
354 353 383 433 7,
409 354 440 435 1,
463 353 516 416 47.
569 351 769 435 Pomponius
805 351 890 417 libro
923 350 1036 434 quinto
1068 372 1093 415 er

93 439 222 505 Plautio
239 435 288 525 (P.
303 436 395 526 343).
409 477 450 487 —
466 439 644 527 (commatis
661 445 743 521 parti
762 444 977 505 aTriboniano
996 442 1093 504 allata

93 533 167 593 haec
195 532 283 592 Pauli
313 535 406 594 verba
437 535 621 611 praecedunt
653 553 690 593 ex
715 533 792 594 libro
815 533 858 592 IX
885 533 925 592 ad
951 533 1093 594 Plautina

94 622 266 698 desumpta:
290 614 338 682 ‘si
361 621 500 685 testator
525 617 666 702 iusserit,
688 621 725 682 ut
742 617 835 683 heres
854 617 1003 682 reficeret
1020 618 1093 682 insu

93 706 167 789 lam,
189 706 279 771 cuius
302 728 397 771 usum
415 707 557 772 fructum
576 707 707 791 legavit,
725 709 834 790 potest
851 705 1050 771 fructuarius
1068 727 1093 772 e:

94 798 290 860 testamento
314 817 426 882 agere,
448 800 486 860 ut
507 796 600 860 heres
623 791 805 882 reficeret'.)
852 794 938 879 quod
962 795 992 859 si
1014 794 1093 860 hero

93 884 156 949 hoc
175 907 240 949 non
259 883 389 950 fecisset
408 888 442 949 et
460 885 502 950 ob
522 886 555 949 id
571 882 766 949 fructuarius
780 883 845 948 frui
858 904 925 948 non
938 882 1093 969 potuisset

94 972 240 1038 heredem
263 973 362 1039 etiam
384 973 555 1039 fructuarii
577 994 615 1038 eo
634 973 764 1037 nomine
782 968 921 1037 haberel
938 972 1093 1038 actionem

94 1063 207 1146 quanti
241 1061 411 1128 fructuarii
443 1061 643 1127 interfuisset
673 1083 740 1128 non
772 1082 915 1127 cessasse
947 1060 1093 1126 heredem

93 1152 171 1217 licet
193 1172 271 1216 usus
293 1151 417 1216 fructus
441 1153 544 1216 morte
567 1151 635 1215 eius
658 1148 830 1215 interisset.

244 1335 291 1394 De
314 1352 344 1393 eo
367 1335 443 1408 quod
464 1335 552 1407 fundi
574 1334 741 1393 conductori
762 1333 888 1408 deputam
911 1337 960 1392 est.

186 1455 236 1518 17.
261 1452 300 1517 D.
315 1454 368 1538 34,
382 1453 412 1535 3,
429 1453 478 1518 16.
519 1452 640 1518 Paulus
663 1453 747 1518 libro
770 1473 857 1517 nono
882 1452 922 1517 ad
944 1451 1093 1519 Plautius

96 1539 144 1627 (P.
164 1537 288 1628 11722).
315 1579 352 1588 —
378 1541 421 1606 Ei
448 1541 502 1605 cui
528 1542 664 1606 fundum
689 1542 722 1605 in
748 1541 1003 1626 quinquennium
1025 1543 1093 1606 loca

94 1651 205 1694 veram
232 1631 340 1714 legavi
369 1629 521 1714 quidquid
551 1651 623 1694 eum
647 1629 728 1693 mihi
751 1630 827 1694 dare
850 1629 956 1696 facere
981 1634 1093 1716 oportet

96 1717 299 1801 oportebitve
323 1723 360 1783 ut
379 1718 499 1783 sineret
516 1719 610 1784 heres
630 1719 693 1789 sibi
710 1718 841 1783 habere.
881 1717 994 1784 Nerva
1010 1717 1094 1783 Atili·

96 1807 201 1888 cinus,
230 1809 257 1871 si
286 1807 379 1872 heres
406 1806 594 1890 prohiberet
617 1829 689 1872 enm
712 1806 790 1891 frui,
818 1828 858 1870 ex
881 1807 1052 1891 conducto,
1075 1804 1093 1869 si

95 1896 165 1960 iure
188 1895 361 1979 locationis
385 1895 459 1980 quid
484 1897 646 1981 retineret,
670 1917 708 1960 ex
726 1899 922 1961 testamento
941 1897 1012 1962 fore
1030 1892 1093 1960 obli·

97 1988 210 2068 gatum
236 1985 337 2063 aiunt,
367 1984 442 2069 quia
464 1984 547 2049 nihil
570 1985 754 2068 interesset,
781 1989 945 2068 peteretur
970 2008 1011 2050 an
1032 1981 1093 2049 reti·

97 2076 201 2156 neret3
226 2076 331 2139 totam
356 2073 440 2137 enim
464 2073 658 2138 locationem
681 2075 825 2159 legatam
848 2073 961 2140 videri.

188 2162 236 2226 is.
267 2160 305 2227 o.
322 2163 418 2247 34,3‚
435 2163 485 2226 18.
531 2160 651 2226 Paulus
677 2161 754 2225 rus.
777 2157 829 2248 (P.
850 2160 976 2249 ΠΨ).
999 2198 1038 2210 -
1058 2155 1092 2222 n

96 2255 263 2334 praeterea
286 2251 410 2333 placuit
433 2271 527 2335 agere
550 2272 647 2334 posse
671 2253 822 2316 colonum
841 2273 915 2315 cum
933 2251 1046 2316 herede
1062 2264 1091 2310 ex

96 2343 304 2418 testament0,
329 2343 365 2404 ut
387 2340 540 2403 liberetur
563 2339 784 2405 conductione.

420 2521 466 2580 De
488 2522 663 2581 habitatione
685 2523 788 2597 leuato.

188 2643 251 2706 19?
284 2640 324 2706 D.
347 2640 425 2704 ibid.
448 2677 492 2685 —
515 2639 656 2704 Cassius.
702 2640 812 2705 Etiam
838 2641 866 2705 si
888 2641 1042 2708 habitatio
1060 2653 1087 2699 e⁰

98 2729 194 2794 modo
213 2730 325 2813 legata
344 2732 439 2812 esset,
460 2730 636 2812 gratuitam
656 2729 892 2795 habitationem
911 2731 1005 2796 heres
1017 2743 1088 2814 prae·

100 2820 185 2881 stare
210 2817 349 2882 deberet.

188 2911 270 2970 Haec
288 2912 437 2970 sententia
456 2929 474 2968 a
492 2911 587 2970 Paulo
607 2911 635 2969 ei
652 2912 818 2986 praemissa
836 2915 892 2992 ost,
912 2933 1002 2990 quam
1019 2920 1089 2986 suprfl

99 2991 172 3081 (18)
192 3000 342 3075 proposui.

356 3101 405 3166 De
426 3103 661 3185 fideicommissa
683 3101 854 3167 hereditate.

188 3225 241 3290 20.
265 3223 304 3288 D.
319 3225 371 3304 35,
387 3228 415 3302 1,
430 3226 473 3289 43
481 3250 528 3310 pr.
565 3225 685 3290 Paulus
707 3225 792 3290 libro
817 3231 933 3293 octavo
958 3228 997 3293 ad
1014 3225 1091 3290 Plau·

99 3316 181 3379 tium
214 3312 263 3400 (P.
284 3311 394 3400 1156).
427 3352 468 3362 —
502 3314 659 3379 Plautius.
705 3314 852 3399 Rogatus
887 3320 937 3381 est
968 3316 1093 3381 heresa

99 3404 218 3468 liberto
238 3406 405 3486 testatore,
424 3407 460 3467 ut
477 3405 637 3487 perceptis
657 3404 721 3468 sibi
741 3404 849 3468 decem
868 3409 974 3471 totam
991 3395 1093 3470 heredi·

173 3567 187 3614 1
209 3560 284 3616 Trio.
302 3561 383 3615 heres
399 3602 405 3614 .
420 3602 427 3616 .
441 3559 566 3616 habebit.
