2422 3976
252 808 527 877 SIGNORUM
550 809 879 878 EXPLIOATIO.

128 1002 233 1057 Unois
252 1001 379 1056 rotundis
399 1004 410 1072 (
489 1002 500 1072 )
519 1002 733 1071 explicationes,

128 1073 215 1128 Uncis
235 1073 380 1142 quadratis
400 1073 412 1144 [
530 1073 666 1140 eiciendo,

126 1143 215 1198 Uncis
233 1144 353 1212 denique
371 1143 468 1199 fractis
580 1142 600 1218 >
620 1144 749 1199 addenda
767 1143 933 1213 significavi.
974 1145 1071 1214 itaque

62 1215 93 1269 ad
110 1215 292 1285 parentheses
310 1214 501 1285 insigniendus
521 1213 695 1285 virgularum
714 1216 772 1270 sive
792 1219 964 1270 commatum
984 1217 1070 1286 signis

62 1288 192 1340 utendum
211 1287 280 1340 erat.

129 1359 264 1412 Puncta
287 1357 343 1412 duo
363 1397 370 1410 .
390 1399 397 1412 .
421 1355 593 1426 significant,
621 1355 652 1410 in
678 1357 803 1412 oratione
825 1358 963 1412 tradenda
985 1375 1071 1412 unum

62 1429 176 1482 verbum
195 1427 333 1496 imprimis
353 1426 574 1496 coninnntivum,
598 1429 705 1496 puncta
726 1429 782 1483 tria
805 1469 858 1484 ...
881 1430 964 1498 plura
984 1431 1070 1485 verba

60 1499 161 1554 omissa
190 1515 264 1624 etsse,
291 1498 322 1553 id
351 1498 427 1568 quod
450 1499 595 1568 inpriore
618 1500 699 1569 parte
721 1515 777 1553 non
800 1498 952 1570 diligenter
975 1502 1069 1556 obser-

58 1573 151 1625 vatum
171 1586 224 1624 es.

125 1640 235 1695 Linea
261 1639 497 1709 directatusus
526 1658 600 1710 sum,
628 1641 795 1709 ubicumque
822 1642 878 1696 duo
902 1641 1068 1711 fragmenta,

59 1728 128 1781 quae
143 1713 173 1766 in
187 1711 311 1780 genuino
324 1711 397 1766 libro
411 1713 484 1766 inter
498 1729 528 1766 se
543 1717 716 1782 exceperant,
730 1713 760 1767 in
775 1713 897 1782 Digestis
912 1713 968 1769 alio
982 1716 1068 1769 inter-

58 1783 130 1838 iecto
148 1783 310 1852 fragmento
330 1782 471 1852 discerpta
489 1782 683 1852 coniungenda
701 1785 789 1837 erant.

126 1853 233 1923 Typis
257 1854 406 1908 cursivis
430 1871 496 1908 usus
515 1871 590 1922 sum,
609 1853 657 1908 ubi
676 1854 744 1908 iuris
763 1853 885 1909 consulti
902 1855 966 1925 ipsa
983 1858 1070 1911 verba

57 1923 188 1979 videntur
212 1922 333 1979 eminere
351 1926 419 1995 (qua
437 1925 467 1977 in
484 1941 514 1979 re
539 1923 729 1980 dubitationes
750 1941 850 1994 graves
869 1942 902 1979 ac
920 1943 1008 1996 paene
1027 1928 1055 1980 in

57 1994 241 2065 explicabiles
266 1995 417 2065 oriuntur),
440 1998 587 2066 praeterea
605 2014 660 2051 non
678 2013 821 2064 nunquum
839 1996 886 2049 vel
904 1997 934 2051 in
952 1996 1068 2051 rubricis

56 2067 100 2122 vel
117 2068 148 2121 in
166 2065 243 2121 notis
262 2065 429 2134 adiciendis3

125 2137 332 2192 Minusculis
358 2139 449 2207 typis
471 2139 553 2192 iniis
572 2155 643 2206 quae
663 2137 807 2193 sententiis
820 2139 1009 2208 proponendis
1024 2141 1067 2194 vel

56 2210 213 2277 praemissa
232 2211 297 2263 sunt
315 2207 360 2263 vel
378 2207 516 2264 adiecta.ยน

126 2278 264 2334 Littera
274 2280 295 2332 P
304 2279 532 2350 inscriptionibus
545 2280 767 2349 fragmentorum
781 2297 796 2335 e
809 2281 932 2350 Digestis
942 2284 1068 2351 sumpto

56 2368 119 2404 rum
137 2367 202 2404 cum
221 2367 335 2407 numero
355 2353 467 2406 adiecta
485 2351 625 2420 significat
641 2351 749 2406 Lenelii
767 2353 1001 2421 Palingenesiam.

132 2536 157 2582 1.
180 2527 264 2597 Apud
287 2527 447 2583 Trebatium
471 2527 610 2582 Ciceronis
636 2527 774 2598 epistulae
800 2544 892 2584 errore
915 2528 1067 2583 maioribus

55 2599 160 2653 litteris
175 2614 330 2669 expressae,
349 2616 383 2654 ea
396 2617 498 2668 rursus,
515 2615 589 2668 quae
604 2599 756 2654 maioribus
770 2600 872 2654 litteris
886 2602 1068 2669 proponenda

56 2672 148 2740 erant,
168 2671 321 2740 aliquando
339 2687 431 2725 errore
449 2670 603 2725 minoribus
621 2672 765 2741 proposita
784 2673 856 2726 sunt.
