2422 3976
451 194 475 244 7.
495 187 683 245 PROOULUS
1011 189 1074 255 105

53 359 190 435 pretium
212 377 273 418 non
296 357 472 433 solueretur,
495 357 657 417 secundum
680 357 800 418 Proculi
823 358 1005 417 sententiam
1027 377 1074 416 re·

55 447 177 524 scripsit
205 437 257 527 (D.
276 449 329 522 42,
349 447 378 519 8,
398 437 442 527 7).
497 446 574 506 addo
603 445 766 522 Ulpianum
797 438 848 527 (D.
869 449 897 523 9,
917 449 947 523 2,
968 448 1018 519 29,
1039 439 1074 528 1)

54 536 177 597 Psoculi
201 536 385 595 seutentiam
407 554 475 594 cum
494 534 597 595 Severi
618 535 764 611 rescripto
787 536 916 611 quodam
940 536 1075 596 conferre

53 643 116 686 nou
140 623 307 684 dubitasse.

148 712 236 775 Alias
264 713 385 772 Proculi
417 712 581 772 sententias
611 713 660 771 vel
686 712 733 771 ius
761 713 867 773 secisse
893 712 1017 772 tradunt
1044 717 1076 772 et

56 802 171 863 Paulus
201 795 253 883 (D.
276 805 332 877 15,
353 805 386 875 1,
405 803 461 878 47,
481 795 516 879 3)
545 805 576 861 et
602 801 749 878 Ulpianus
777 794 826 881 (D.
847 803 902 878 28,
922 804 957 876 2,
978 805 1010 876 6,
1031 793 1074 880 1),

57 892 154 951 alium
176 891 384 966 praevaluisse
408 893 513 950 auctor
535 891 587 949 ille
610 894 721 964 narrat,
745 909 804 968 quo
827 890 1025 950 Tribonianus
1044 889 1075 948 in

56 980 145 1041 novis
177 979 426 1039 Institutionibus
462 980 672 1055 componendis
704 998 778 1038 usus
811 982 858 1038 est
887 973 936 1056 (3,
955 980 1011 1056 23,
1030 971 1073 1059 2).

56 1087 164 1128 rursus
195 1069 346 1146 quandam
373 1068 494 1128 Proculi
523 1069 702 1128 sententiam
729 1068 788 1126 ism
816 1068 870 1127 illa
902 1071 1002 1126 aetate
1029 1067 1076 1125 in·

57 1159 219 1233 probatam
241 1153 334 1217 fuisse
358 1157 451 1217 Gaius
474 1160 584 1234 4,163
608 1157 712 1216 tradit.

150 1245 338 1324 Quamquam
362 1247 433 1324 quin
451 1247 598 1306 Proculus
616 1245 709 1305 libros
729 1245 856 1304 ediderit
874 1244 999 1303 dubium
1017 1263 1077 1303 non

57 1338 118 1409 est,
148 1337 251 1395 tamen
273 1338 393 1410 praeter
412 1335 621 1411 Epistularum
643 1335 749 1412 libros,
778 1353 814 1393 ex
836 1334 946 1410 quibus
970 1333 1075 1392 Tribo-

57 1424 169 1483 uianus
194 1423 342 1501 quaedam
369 1424 401 1483 in
427 1442 507 1484 nova
530 1424 657 1501 Digesta
682 1422 808 1500 recepit,
840 1423 876 1481 de
905 1422 972 1482 aliie
999 1421 1076 1480 nihil

58 1514 134 1572 certi
158 1515 287 1589 constat,
305 1513 363 1573 nisi
384 1513 463 1590 quod
482 1513 521 1572 ad
539 1512 708 1572 Labeonem
726 1514 814 1572 notas
834 1531 902 1572 eum
922 1510 1075 1587 scripsisse

58 1601 133 1661 setis
156 1600 319 1662 indicatur.

447 1743 472 1804 I.
496 1743 689 1818 Responsa.

148 1866 313 1926 Proculum
339 1867 443 1927 multis
472 1867 696 1927 consulentibus
724 1868 913 1943 respondisse
941 1869 1076 1942 apparet,

56 1957 138 2016 inter
167 1975 243 2033 quos
273 1956 322 2015 vel
348 1955 437 2015 hodie
464 1957 657 2015 nominantur
684 1956 838 2015 Licinuius
863 1955 998 2014 Lucusta
1026 1946 1075 2033 (D.

57 2047 109 2123 31,
124 2036 199 2126 48),
222 2044 386 2104 Atilicinus
410 2037 461 2126 (D.
477 2047 529 2121 23,
543 2047 573 2120 4,
591 2038 655 2122 17),
677 2046 778 2120 Nepos
802 2038 852 2127 (D.
869 2048 920 2116 50,
936 2046 986 2119 16,
1003 2045 1075 2102 125.

57 2136 109 2213 31,
124 2128 199 2214 47),
222 2132 343 2193 Firmus
366 2127 414 2214 (D.
432 2137 482 2210 19,
500 2138 527 2212 1,
543 2135 593 2210 38,
610 2132 653 2211 2),
676 2134 728 2211 qui
750 2138 782 2192 et
803 2135 861 2209 ipsi
884 2133 960 2191 iuris
983 2131 1074 2208 periti

56 2223 188 2283 habendi
211 2227 283 2282 sunt
305 2223 354 2283 vel
376 2222 451 2282 iuris
475 2222 611 2282 studiosi.
645 2223 681 2283 cf.
705 2222 843 2298 Krueger
866 2242 894 2297 p.
912 2222 1072 2282 154156.

58 2311 221 2371 Atilicinus
249 2311 329 2370 idem
357 2311 476 2371 videtur
503 2329 568 2370 esse
596 2315 687 2386 atque
714 2313 804 2370 notus
831 2311 883 2369 ille
908 2311 983 2368 iuris
1008 2328 1075 2368 con·

58 2401 167 2475 uultus,
192 2401 228 2459 de
252 2419 311 2476 quo
334 2400 413 2461 iufra
433 2399 603 2461 videndum.
639 2400 777 2474 fortasse,
800 2400 831 2458 id
850 2399 929 2475 quod
947 2397 1076 2456 Neronis

58 2492 159 2549 aetate
187 2488 254 2548 fieri
280 2489 395 2565 potuit,
424 2488 460 2549 de
488 2488 592 2548 eodem
619 2488 699 2548 lacto
727 2490 883 2547 consultus
911 2489 958 2545 est
985 2488 1076 2562 atque

58 2576 187 2637 Sabinus
222 2581 252 2636 et
279 2576 400 2638 Cassius
429 2570 477 2657 (D.
499 2578 549 2649 29,
570 2581 599 2655 7,
620 2579 712 2653 l4pr.
743 2572 834 2653 ‘quod
866 2576 1010 2634 Sabinum
1046 2577 1077 2632 et

61 2664 199 2728 Cassium
221 2665 409 2742 respondisse
433 2666 517 2725 aiunt
540 2666 669 2725 Proculo
693 2658 924 2745 dissentiente’).

147 2754 245 2815 Sicuti
272 2754 521 2832 consultationes,
554 2755 598 2814 ita
625 2773 767 2830 response
794 2755 936 2830 pleraque
965 2752 1075 2812 litteris

61 2844 133 2906 data
157 2847 238 2903 sunt.

145 2932 370 3008 Responsorum
397 2933 514 3007 partem
541 2932 688 2991 Proculus
716 2932 872 3007 proposuit
898 2931 929 2988 in
952 2931 1074 3007 Epistu-

57 3022 157 3081 larum
180 3021 279 3098 libris,
309 3021 345 3079 de
369 3021 478 3097 quibus
501 3020 580 3079 infra
602 3019 764 3080 videndum
787 3024 846 3097 est,
874 3020 934 3078 alie
956 3019 1076 3096 prolata

58 3114 129 3170 snut
152 3129 171 3169 1
191 3109 320 3168 Viviano
344 3101 393 3189 (D.
409 3112 439 3185 4,
455 3111 483 3187 6,
499 3111 550 3185 35,
566 3111 584 3168 9
610 3102 768 3170 ‘Vivienus
791 3109 894 3168 scribit
913 3108 1076 3168 Proculum

56 3191 266 3276 respondisse'.
317 3198 352 3257 D.
372 3200 424 3275 21,
446 3203 472 3272 1,
494 3199 583 3275 17,4
615 3191 722 3257 ‘Idem'
754 3217 793 3258 so.
826 3197 971 3257 Vivianus
1005 3190 1073 3253 ‘aitz

56 3288 262 3364 interrogatus
288 3286 433 3346 Proculus
463 3287 499 3344 de
528 3305 563 3345 eo
592 3287 643 3363 qui
662 3333 668 3343 .
685 3335 690 3345 .
706 3333 726 3360 .,
756 3281 819 3346 ait’.
861 3287 897 3345 cf.
921 3285 947 3342 D
978 3285 1028 3356 29,
1047 3285 1075 3359 7,

59 3367 181 3458 14111),
211 3375 317 3436 Urseio
345 3375 456 3435 Feroce
484 3368 533 3456 (D.
555 3378 584 3453 9,
604 3379 632 3447 2,
652 3379 741 3451 27,1
771 3370 942 3434 ‘Proculum
971 3370 1073 3429 existi-

57 3485 156 3526 masse
187 3463 314 3524 Urseius
346 3459 460 3524 relert'.
511 3464 547 3523 D.
568 3466 618 3542 39,
639 3468 668 3540 3,
689 3467 776 3540 11,2
811 3457 903 3539 ‘apud
931 3460 1074 3519 Ferocem

58 3554 205 3615 Proculus
232 3545 317 3635 ait'),
345 3551 472 3613 Servilio
496 3547 546 3632 (D.
562 3555 613 3631 37,
631 3556 680 3630 14,
698 3556 738 3613 10
762 3547 901 3610 ‘Proculo
924 3547 1073 3625 placuisse
