2422 3976
29 256 38 273 ι
92 189 157 254 518
407 127 417 146 ⁶
462 181 736 239 inordinandi.

95 352 205 416 eodem
223 352 308 434 agat,
327 349 355 412 si
373 349 458 413 eirea
476 348 644 413 columnas
662 348 718 410 aut
736 346 893 410 stationes
909 366 943 409 se
958 344 1105 428 occultet,

93 440 194 504 videri
226 438 357 502 latitura
383 441 507 502 veteres
538 434 785 519 responderunt,
817 438 849 499 et
882 455 979 518 posse
1012 455 1103 518 quem

94 527 247 593 adversus
271 527 408 590 alterum
430 526 570 607 latitare,
593 523 746 588 adversus
771 522 911 587 alterum
934 544 1011 587 non.

381 684 432 751 De
454 685 515 750 ioco
532 682 655 765 publico
677 681 818 762 fruendo.

184 802 235 865 70.
267 799 307 866 D.
338 801 395 884 47,
429 801 484 883 10,
519 799 573 882 13,
611 799 640 861 7.
693 797 855 882 Ulpianus
892 797 977 862 libro
1014 797 1100 880 quin·

94 890 304 974 quagensimo
332 889 468 972 septimo
497 893 536 951 ad
564 885 712 952 edictum.
744 924 782 934 -
812 936 842 953 ..
865 883 1055 950 conductori
1074 932 1100 949 ..

95 977 450 1132 {gffigiitinterdictum
477 974 644 1057 dederunt,
678 976 706 1039 si
733 975 817 1040 forte
844 974 976 1058 publice
1003 975 1098 1039 lotum

148 1420 191 1486 ΙΙ.
220 1418 510 1486 INCDRTORUM
534 1416 820 1485 anTnantn
842 1417 899 1482 ΕΤ
924 1415 1052 1482 LIBRI.

346 1664 350 1670 ¹
471 1577 502 1646 1.
529 1575 730 1666 Responsa.

184 1735 368 1794 lacertorum
396 1753 539 1811 responsa
562 1735 620 1794 duo
644 1753 754 1813 genera
777 1736 859 1792 sunt:
887 1752 983 1792 unum
1006 1749 1094 1792 eorum

96 1843 224 1900 quorum
261 1826 398 1883 auctores
434 1842 471 1883 ne
508 1823 660 1883 veteribus
698 1823 817 1898 quidem
854 1821 928 1880 iuris
965 1819 1092 1880 consultis

97 1912 207 1989 cogniti
232 1915 326 1990 erant,
345 1913 474 1971 alterum
493 1930 604 1987 eorum,
624 1931 751 1988 quorum
770 1913 909 1970 auctores
927 1910 960 1968 in
973 1913 1093 1970 veterum

97 2001 182 2060 libris
205 2001 321 2060 laudati
344 2000 431 2061 hodie
450 2019 510 2060 non
529 2001 681 2076 adparent.
718 1999 868 2058 interdum
888 2015 1094 2073 responsorum,

96 2110 223 2166 quorum
259 2091 394 2149 auctores
430 2108 489 2148 non
522 2090 695 2167 laudantur,
733 2088 780 2146 vel
817 2087 905 2146 hodie
936 2090 991 2146 aut
1026 2087 1092 2145 certo

97 2182 230 2238 statuere
267 2181 320 2236 aut
353 2179 459 2236 saltem
491 2177 624 2236 divinare
657 2179 735 2236 lieet.
787 2170 890 2252 ‘quod'
920 2195 964 2234 ex.
992 2196 1034 2250 gr.
1062 2167 1093 2230 ‘iu

96 2268 295 2343 vectigalibus
319 2266 516 2342 dependendis
540 2259 727 2341 responsum'
753 2283 829 2338 esso,
858 2265 972 2323 Paulus
996 2265 1030 2322 D.
1053 2263 1091 2333 33,

98 2359 127 2434 2,
147 2358 187 2415 38
213 2357 431 2429 Responsorum
455 2355 531 2413 libro
551 2355 663 2429 attulit,
688 2355 782 2429 ipsius
801 2371 979 2427 responsum
1001 2352 1093 2410 habeu-

97 2446 167 2502 dum
193 2448 244 2502 est.
288 2443 368 2519 quod
400 2443 583 2518 Papinianus
615 2438 651 2503 D.
677 2445 726 2518 31,
752 2444 791 2501 73
824 2435 1010 2516 ‘responsum
1033 2430 1093 2498 esse⁷

97 2533 201 2604 tradit,
230 2531 339 2590 Iuliani
370 2550 546 2607 responsum
579 2550 642 2591 esse
679 2532 712 2590 D.
737 2534 787 2607 30,
813 2533 852 2588 82
883 2530 958 2589 satis
989 2528 1092 2587 indicat.

98 2621 241 2679 athanai
257 2621 288 2678 P.
304 2620 495 2696 apudPapin.
513 2622 585 2679 309.
609 2621 692 2678 illius
706 2623 824 2678 tautum
840 2619 959 2695 generis
970 2632 1092 2693 respousa

97 2710 152 2766 hoe
171 2711 234 2767 loeo
254 2709 444 2784 proponenda
464 2727 526 2767 esse
547 2712 679 2785 apparet,
700 2709 812 2766 seilicet
831 2726 908 2781 quae
928 2727 987 2766 non
1006 2706 1090 2781 aperte

97 2798 146 2856 uel
169 2798 366 2872 probabiliter
388 2798 561 2872 posterioris
586 2797 704 2855 domum
728 2796 836 2854 aetatis
861 2800 939 2855 sunt.

187 2885 331 2945 Veterum
354 2904 496 2961 responsa
518 2906 545 2945 v.
572 2905 662 2961 supra
685 2906 712 2960 p.
734 2886 796 2944 506
813 2903 876 2961 sqq.

433 3095 459 3157 1.
488 3093 543 3155 Ad
567 3095 625 3157 ius
649 3093 774 3157 eivile.

470 3216 518 3280 De
541 3218 734 3281 testamentis

416 3337 463 3395 De
493 3339 555 3408 filio
587 3339 789 3396 exteredoudo.

191 3447 230 3510 1?
258 3445 296 3510 D.
320 3447 372 3528 28,
396 3447 425 3526 6,
447 3447 500 3530 43,
523 3448 552 3510 2.
582 3447 702 3510 Paulus
725 3447 808 3511 libro
833 3468 919 3510 nono
945 3438 1087 3520 Quaestio·

98 3555 186 3597 num.
212 3573 251 3581 -
277 3534 393 3598 Lusius
418 3535 522 3598 Titius
538 3558 610 3599 oum
629 3536 764 3599 haberet
783 3536 867 3599 filios
887 3535 921 3599 in
940 3531 1087 3618 potestate,
