2422 3976
100 181 143 245 30
171 181 215 236 ΙΙΙ.
232 181 308 236 GAII
323 180 470 236 CLAUDII
478 180 615 236 Nason.
626 180 769 236 GALBAE
781 180 890 236 TEMP.
900 181 998 237 IURIS
1009 181 1113 239 CONS.

98 344 311 408 interficiendi
344 342 467 407 domini
500 343 641 406 animum
671 344 859 427 sumpsisse,
892 348 930 408 ut
956 366 1023 409 non
1050 367 1116 410 vox

98 435 207 497 minax
231 431 398 514 excideret,
422 431 505 495 nihil
528 453 586 516 por
606 433 823 496 temeritatem
841 433 1116 517 proloqueretur?

99 543 176 586 sane
199 521 370 585 consilium
390 521 574 600 occultavit,
596 520 698 584 telum
716 522 801 586 inter
818 520 951 605 ignaros
970 523 1116 606 paravit:

97 633 174 675 num
215 609 366 674 excubias
402 610 571 692 transiret,
613 609 752 674 cubiculi
794 610 881 675 fores
922 610 1120 696 recluderet,

98 699 206 763 lumen
247 697 394 780 inferret,
435 698 563 762 caedem
600 702 747 781 patraret
784 699 932 763 omnibus
969 699 1115 766 nesciis?

97 788 201 852 multa
229 787 357 851 sceleris
384 786 504 852 indicia
531 787 756 870 praeveniunt:
789 788 891 851 servis
920 787 948 852 si
977 809 1115 871 pereun-

98 877 174 940 dum
202 878 259 955 sit,
286 876 322 939 ni
349 877 501 959 prodant,
529 897 701 960 possumus
729 875 850 960 singuli
878 877 963 940 inter
992 878 1116 964 plures,

97 966 160 1028 tuti
185 965 271 1030 inter
294 965 423 1050 anxios,
450 968 614 1048 postremo
638 985 704 1028 non
728 965 824 1029 inulti
846 965 933 1029 inter
958 971 1115 1032 nocentes

98 1075 204 1139 agere.
259 1057 409 1137 suspecta
447 1053 625 1118 maioribus
662 1054 783 1118 nostris
815 1053 947 1118 fuerunt
978 1055 1117 1140 ingenia

97 1165 278 1224 servorum,
315 1142 414 1206 etiam
444 1163 517 1207 cum
549 1143 583 1205 in
615 1143 702 1226 agris
737 1148 794 1207 aut
827 1143 976 1207 domibus
1008 1143 1115 1209 isdem

97 1237 308 1296 nascerentur
327 1232 558 1314 caritatemque
577 1231 779 1295 dominorum
794 1231 905 1296 statim
920 1232 1114 1316 acciperent.

96 1325 271 1405 postquam
299 1341 374 1384 voro
402 1320 551 1384 nationes
579 1320 613 1382 in
640 1318 771 1384 familiis
794 1319 964 1402 habemus,
993 1321 1114 1405 quibus

96 1410 216 1474 diversi
237 1410 334 1492 ritus,
362 1412 495 1472 externa
518 1430 611 1473 sacra
633 1411 690 1472 aut
713 1409 804 1473 nulla
827 1412 917 1494 sunt,
940 1409 1114 1474 colluviem

95 1499 194 1564 istam
222 1519 288 1562 non
316 1497 380 1560 nisi
409 1501 497 1561 metu
521 1497 709 1562 coercueris
752 1501 786 1560 at
808 1497 939 1581 quidam
963 1499 1112 1564 insontes

96 1587 257 1669 peribunt.
311 1607 387 1649 nam
425 1589 458 1649 et
493 1608 533 1649 ex
568 1587 641 1651 fuso
679 1587 819 1650 exercitu
856 1609 928 1651 oum
966 1586 1112 1653 decimus

96 1675 230 1758 quisque
254 1674 332 1738 fusti
354 1673 483 1756 feritur,
506 1675 606 1738 etiam
630 1675 752 1738 strenui
776 1676 963 1740 sortiuntur.
1010 1675 1113 1741 habet

97 1763 217 1846 aliquid
255 1784 294 1826 ex
329 1763 441 1846 iniquo
474 1783 568 1827 omne
601 1783 757 1847 magnum
790 1765 986 1849 exemplum,
1024 1766 1112 1849 quod

96 1855 211 1916 contra
234 1851 381 1936 singulos
404 1851 546 1916 utilitate
568 1852 698 1935 publica
719 1853 915 1936 rependitur.
1016 1903 1019 1910 .

187 1949 372 2014 ‘Sententiae
392 1952 488 2013 Cassii
505 1957 541 2012 ut
558 1973 645 2013 nemo
665 1972 742 2013 unus
761 1957 922 2016 contraire
942 1974 1034 2016 ausus
1054 1961 1109 2034 est,

95 2045 141 2103 ita
173 2044 310 2104 dissonae
343 2061 429 2104 voees
461 2042 682 2118 respondebant
712 2062 871 2103 numerum
899 2048 953 2103 out
979 2048 1112 2106 aetatem

97 2136 150 2191 aut
182 2151 286 2192 sexum
317 2150 351 2190 ac
383 2133 580 2208 plurimorum
612 2132 767 2191 indubiam
794 2133 995 2192 innocentiam
1022 2135 1111 2195 mise-

94 2223 235 2282 rantium.
290 2221 460 2296 praevaluit
491 2223 593 2278 tamen
624 2240 707 2297 pars,
740 2241 816 2296 quae
849 2221 1030 2298 supplicium
1063 2223 1112 2283 de·

95 2310 242 2369 cernebat.
307 2309 359 2369 sed
405 2308 607 2384 obtemperari
653 2330 712 2370 non
754 2313 886 2388 poterat,
928 2312 1112 2389 conglobata

96 2399 289 2458 multitudine
310 2401 344 2457 et
367 2417 440 2458 saxa
462 2416 497 2456 ac
519 2399 599 2457 faces
616 2399 757 2458 minante.
799 2402 865 2457 tum
885 2397 996 2458 Caesar
1013 2420 1111 2477 popu·

96 2489 158 2546 lum
186 2487 283 2547 edicto
311 2487 461 2563 increpuit
488 2493 579 2563 atque
608 2507 693 2546 omne
720 2487 791 2560 iter,
820 2508 879 2564 quo
907 2488 1043 2547 damnati
1071 2490 1111 2549 ad

95 2596 222 2652 poenam
245 2576 439 2651 ducebantur,
462 2575 645 2635 militaribus
667 2575 827 2653 praesidiis
847 2577 969 2652 saepsit.
1006 2596 1109 2638 censu-

97 2669 163 2724 erat
187 2663 349 2742 Cingonius
373 2663 483 2740 Varro,
510 2667 547 2723 ut
568 2665 671 2724 liberti
695 2683 825 2740 quoque,
849 2665 901 2742 qui
924 2667 979 2725 sub
1004 2668 1111 2727 eodem

94 2757 175 2813 teoto
198 2753 339 2829 fuissent,
369 2753 461 2811 Italia
483 2753 726 2830 deportarentur3
754 2753 785 2811 id
809 2769 827 2810 a
849 2754 985 2830 principe
1008 2756 1110 2831 prohi-

95 2842 193 2900 bitum
230 2843 287 2918 est,
323 2861 360 2900 ne
397 2860 460 2901 mos
498 2845 651 2920 antiquus,
689 2862 776 2918 quem
813 2842 1018 2903 misericordia
1049 2863 1111 2904 non

96 2930 259 3005 minuerat,
282 2949 336 3004 per
359 2930 517 2990 saeuitiam
540 2923 767 2990 intenderetur'.

357 3081 408 3140 IV.
437 3083 551 3141 Notae
576 3082 617 3140 ad
642 3081 846 3140 Vitellium.

184 3186 320 3246 Cassium
347 3189 385 3247 ad
407 3188 533 3248 Masurii
556 3187 659 3247 Sabini
687 3189 877 3265 opusculum,
905 3188 985 3274 qupd
1012 3189 1107 3268 vulgo

95 3270 262 3335 ‘Vitellius'
285 3278 496 3336 nominabatur
520 3269 562 3357 (v.
579 3277 619 3352 II,
641 3280 657 3335 1
682 3297 710 3352 p.
727 3269 818 3356 376),
841 3279 929 3336 notas
953 3278 1108 3353 scripsisse

93 3364 241 3442 Ulpianus
268 3366 304 3424 D.
325 3369 375 3440 33,
393 3368 543 3444 7,12,27
569 3357 613 3441 (v.
636 3365 715 3424 infra
739 3357 795 3446 31)
824 3366 945 3424 videtur
972 3367 1107 3444 tradere;

95 3454 173 3530 qnod
204 3455 302 3514 nescio
335 3474 373 3514 an
405 3455 436 3513 in
468 3472 548 3514 nova
579 3455 781 3530 praeceptoris
812 3453 947 3530 opusculi
975 3454 1107 3515 editione

94 3543 173 3602 notis
196 3543 342 3603 instructa
365 3543 480 3603 feeerit.
