2422 3976
499 170 524 220 ’1.
542 161 730 220 PROCULUS
1053 165 1115 229 161

194 327 245 392 91.
268 325 308 391 D.
318 325 372 411 45,
381 327 411 406 3,
420 327 473 405 28,
483 328 514 392 4.
544 324 643 391 Gaius
661 326 746 391 libro
765 327 863 392 tertio
883 328 922 392 de
936 326 1118 393 Verborum

118 410 368 500 Obligationibus
392 412 441 503 (P.
460 412 550 502 516).
579 451 621 462 —-
649 414 734 480 Illud
767 416 948 500 quaesitum
981 420 1042 501 est,
1075 440 1117 482 au

116 501 215 569 heredi
231 503 341 569 futuro
360 525 472 569 servus
490 504 703 569 hereditarius
723 503 872 587 stipulari
888 508 1002 590 possit.
1037 505 1117 572 Pro·

51 642 55 711 ,
114 592 195 657 aulus
218 593 368 677 negavit,
391 593 466 678 quia
488 594 516 657 ia
539 614 577 658 eo
600 596 745 677 tempore
769 596 939 659 extraneus
963 598 1020 660 eat.

191 687 227 745 cf.
245 685 382 746 Cassium
405 707 434 763 p.
450 689 500 747 25.

193 769 244 835 92.
264 768 334 835 Gai.
346 771 376 854 3,
389 771 473 835 167⁸.
487 807 531 817 -
544 769 628 836 Illud
648 769 811 855 quaeritur
829 791 871 834 an
891 771 976 856 quod
994 770 1116 837 domini

107 879 219 925 nornen
248 859 409 924 adiectum
434 858 532 923 efficit
554 857 611 944 (sc.
626 859 654 922 si
678 880 789 923 servus
813 860 992 924 eommunis
1015 860 1117 944 stipu-

106 946 188 1012 letur
205 947 407 1032 mancipiovo
426 947 571 1032 accipiat,
590 951 627 1011 ut
645 947 774 1013 domino
792 947 841 1011 illi
861 948 923 1012 soli
942 946 1117 1035 adquirat),

106 1036 189 1102 idem
215 1036 317 1101 faciat
342 1036 438 1100 unius
467 1056 506 1100 ex
533 1036 671 1101 dominis
694 1036 816 1100 iussum
839 1036 1039 1102 intercedens

105 1125 248 1191 diversae
290 1125 418 1190 scholae
457 1128 603 1190 auctores
639 1123 773 1208 proinde
807 1126 954 1210 utrisque
990 1125 1116 1210 adquiri

99 1217 233 1299 putant,
256 1235 293 1278 ac
317 1213 345 1278 si
367 1213 487 1279 nullius
509 1212 634 1280 iussum
657 1213 895 1278 intervenisset.

488 1365 538 1429 De
559 1365 730 1430 novatione.

188 1472 242 1537 93.
269 1469 562 1553 Gai..3,177.178.
588 1507 625 1518 -
652 1518 683 1535 ..
711 1470 738 1534 si
767 1469 876 1535 eadem
900 1472 1116 1556 personarit,

99 1584 120 1627 a
142 1583 209 1647 qua
230 1563 345 1645 postea
368 1559 519 1643 stipuler,
541 1560 588 1624 ita
611 1559 738 1623 demum
761 1559 893 1624 novatio
916 1559 962 1640 fit,
988 1558 1016 1625 si
1039 1560 1115 1646 quid

97 1650 131 1716 in
159 1648 342 1735 posteriore
369 1648 579 1732 stipulatione
607 1649 684 1714 novi
712 1648 769 1732 ait,
800 1647 885 1712 forte
913 1649 941 1712 si
968 1649 1114 1715 condicio

97 1742 156 1805 aut
188 1738 256 1803 dies
290 1740 348 1802 aut
378 1757 514 1820 sponsor
542 1737 700 1802 adiciatur
727 1741 784 1800 aut
811 1736 1008 1804 detrabatur.
1057 1739 1113 1804 sed

96 1827 186 1913 qnod
209 1827 249 1890 de
273 1846 430 1910 sponsore
453 1824 602 1908 diximus,
624 1846 689 1890 non
708 1828 851 1909 constat3
873 1847 948 1890 narn
968 1826 1113 1892 diversae

96 1915 228 1983 scholae
249 1913 436 1979 auctoribus
449 1914 572 1998 placuit
586 1914 668 1978 nihil
683 1913 723 1978 ad
738 1914 943 1979 novationem
958 1916 1113 1998 proficere

96 2004 264 2091 sponsoris
288 2003 499 2069 adiectionem
523 2007 580 2067 aut
602 2002 843 2068 detractionem.

498 2159 547 2218 De
568 2160 713 2219 solatione.

185 2261 239 2326 94.
262 2258 457 2344 (11111168.
480 2295 522 2305 -
546 2259 685 2324 Tollitur
708 2309 737 2324 ..
761 2258 918 2343 obligatio
942 2261 1113 2342 praecipue

98 2351 260 2417 solutione
285 2349 353 2413 eina
377 2347 462 2433 quod
486 2346 629 2413 debetur.
675 2349 759 2412 unde
783 2349 961 2432 quaeritur,
991 2348 1017 2410 si
1042 2349 1113 2433 quis
1196 2354 1199 2361 '

98 2439 322 2506 consentiente
350 2437 507 2502 creditore
535 2436 623 2501 aliud
650 2458 709 2519 pro
738 2436 802 2501 alio
831 2436 975 2515 solverit,
1005 2439 1112 2501 utrum

98 2528 170 2615 ipso
194 2527 265 2592 inre
288 2526 452 2604 liberetur,
542 2548 585 2590 an
606 2525 678 2608 ipso
701 2526 771 2590 iure
790 2528 919 2589 maneat
938 2524 1113 2610 obligatus,

99 2618 154 2683 aed
185 2616 339 2682 adversus
372 2617 535 2697 petentem
568 2613 755 2697 exceptione
786 2613 852 2678 doli
880 2613 958 2679 mali
986 2613 1112 2679 delendi

98 2704 227 2791 debeat,
260 2702 346 2790 quod
376 2702 521 2768 diversae
549 2703 680 2767 scholae
708 2702 892 2767 auctoribus
919 2703 1025 2767 visum
1053 2708 1113 2771 est.

236 2863 287 2929 De
309 2863 433 2928 iudiciis
449 2863 585 2946 privatis
606 2867 635 2927 et
656 2862 691 2926 ia
712 2882 777 2926 rem
799 2862 976 2928 actionibus.

279 2972 331 3034 Aa
353 2975 440 3049 leycm
461 2975 575 3034 Iuliam
597 2976 631 3034 olo
652 2975 769 3033 iudiciis
785 2975 933 3048 privatis?

111 3104 115 3113 ·
185 3075 239 3142 95.
266 3074 306 3140 D.
320 3074 373 3158 50,
389 3077 440 3160 16,
453 3076 484 3140 4.
529 3075 648 3141 Paulus
672 3075 755 3140 libro
777 3075 882 3158 primo
906 3076 946 3140 ad
971 3076 1110 3140 edictum

101 3163 148 3251 (P.
161 3160 231 3251 94).
253 3201 290 3212 -
313 3163 488 3230 ‘Nominis'
511 3163 728 3248 appellatione
751 3185 818 3227 rem
840 3165 1015 3248 significari
1035 3164 1111 3228 Pro-

101 3255 187 3320 eulns
212 3253 268 3318 ait

184 3348 222 3406 D.
242 3349 298 3423 50,
321 3350 374 3421 16,
396 3349 414 3407 6
438 3346 507 3424 Ulp.
540 3340 699 3406 ‘Nominis'
727 3349 757 3405 61
785 3340 852 3405 ‘rei'
880 3344 1042 3423 appellatio
1072 3343 1111 3401 ad

103 3453 216 3496 omnem
246 3437 434 3495 contractum
461 3440 491 3495 et
518 3436 731 3512 obligationem
759 3436 899 3511 pertinet.
956 3434 992 3492 cf.
1018 3431 1110 3489 Lenel

103 3522 187 3585 Edict
209 3544 238 3600 p.
253 3525 305 3584 45.

156 3633 253 3683 Inrlnpr.
267 3632 386 3676 antehadr.
400 3633 451 3675 rell.
466 3633 500 3675 ad
514 3634 613 3676 Bremer.
635 3634 696 3685 11,a.
917 3623 949 3672 11
