2422 3976
454 184 478 234 t.
503 178 642 235 SEXTUS
661 177 789 234 Paulus
1086 183 1121 247 9]

108 341 237 407 decimo
267 342 394 427 scribit,
423 363 492 408 cum
518 343 554 406 in
581 341 648 424 boc,
677 341 797 427 inquit,
822 347 919 408 totam
945 364 982 408 ea
1009 346 1129 410 domini

105 431 326 496 constitutione
343 433 485 512 pendeat.

201 520 255 585 29.
279 518 320 584 Ι).
336 520 387 601 15,
403 522 431 596 1,
445 520 475 602 9,
489 519 520 583 4.
558 518 715 603 Ulpianus
737 519 821 585 libro
845 519 1020 586 vicensimo
1039 543 1126 587 nono

108 608 147 672 ad
172 608 317 673 edictum
341 604 391 695 (P.
410 605 513 693 852⁰).
540 645 577 654 —
604 608 685 673 ..id
709 608 807 673 etiam
830 608 1012 693 deducetur,
1040 611 1126 694 quod

107 696 159 760 his
192 697 343 781 personis
376 697 522 779 debetur,
555 719 636 781 quae
669 701 745 761 sunt
777 696 810 761 in
838 697 941 762 tutela
970 699 1018 762 vel
1048 721 1126 765 cura

107 785 233 850 domini
265 787 317 850 vel
348 787 451 870 patris
481 787 533 850 vel
561 807 697 871 quorum
724 785 857 868 negotia
885 784 1123 872 administrant,

104 873 284 940 dummodo
309 875 384 940 dolo
408 879 547 958 careant,
573 875 724 960 quoniam
749 879 781 938 et
804 874 912 958 siper
936 875 1044 940 dolum
1067 898 1122 960 pe·

107 963 231 1027 oulium
254 964 307 1027 vel
331 963 509 1027 ademerint
533 964 583 1027 vel
604 963 787 1046 minuerint,
810 967 973 1046 tenentur3
1000 986 1076 1028 nam
1096 965 1124 1028 si

109 1073 237 1135 semper
259 1053 447 1135 praevenire
471 1052 620 1116 dominus
644 1056 677 1116 et
700 1072 796 1137 agere
820 1051 954 1135 videtur,
980 1074 1035 1116 cur
1057 1075 1122 1118 non

108 1140 236 1205 dicatur
269 1141 368 1205 ctiam
401 1141 462 1206 hoc
493 1142 624 1205 nomine
656 1162 730 1205 eum
764 1161 871 1204 secum
904 1140 1022 1225 egisse,
1059 1163 1122 1226 quo

108 1227 239 1293 nomine
262 1230 314 1293 vel
337 1231 459 1294 tutelae
483 1231 534 1293 vel
557 1229 760 1314 negotiorum
785 1236 951 1314 gestorum
975 1229 1026 1293 vel
1048 1229 1122 1294 utili

105 1316 235 1382 actione
266 1317 450 1382 tenebitur?
500 1340 578 1384 nam
609 1323 671 1382 ut.
692 1315 836 1382 ‚Pedius
867 1317 925 1396 ait,
957 1317 1029 1382 ideo
1060 1317 1146 1383 hoc'

106 1406 213 1470 minus
237 1405 273 1469 in
296 1407 421 1489 peculio
445 1410 506 1490 est,
529 1407 614 1490 quod
638 1407 768 1471 domino
792 1406 843 1470 vel
866 1405 954 1490 patri
978 1406 1121 1490 debetur,

103 1494 260 1577 quoniam
298 1517 362 1560 non
399 1500 448 1559 est
478 1495 652 1560 verisimile
685 1495 849 1559 dominum
882 1494 915 1557 id
947 1495 1120 1560 consedere

107 1603 201 1648 servo
224 1583 260 1646 in
283 1583 443 1666 peculium
466 1585 599 1667 habere,
622 1583 707 1669 quod
731 1583 794 1647 sibi
818 1582 959 1648 debetur.

500 1722 600 1793 Empti
616 1722 728 1778 conditi.

194 1821 248 1888 30.
286 1821 324 1886 D.
351 1823 400 1904 19,
423 1823 453 1901 4,
479 1826 507 1906 1,
525 1825 555 1888 2.
575 1824 605 1888 3.
659 1823 778 1887 Paulus
811 1822 895 1886 libro
926 1823 1117 1908 trigensimo

103 1909 245 1974 secundo
265 1909 306 1974 ad
325 1911 465 1976 edictum
484 1911 535 1998 (P.
549 1908 654 1998 corb).
673 1947 715 1958 -
735 1912 901 1994 ..emptio
920 1933 957 1976 ac
974 1912 1117 1977 venditio

103 1999 192 2063 nuda
210 2000 481 2064 consentientium
501 2001 668 2065 voluntate
687 2000 899 2079 contrahitur,
920 2000 1117 2084 permutatio

105 2092 215 2152 autem
240 2109 280 2151 ex
302 2109 336 2151 re
360 2089 482 2152 tradita
500 2091 628 2153 initium
649 2088 841 2172 obligationi
860 2088 1002 2173 praebet.
1039 2090 1116 2153 alio·

101 2177 180 2259 quin
209 2177 237 2240 si
267 2197 319 2240 res
346 2177 487 2241 nondum
516 2178 637 2241 tradita
664 2178 719 2261 sit,
746 2177 831 2241 nudo
860 2199 1018 2242 consensu
1042 2199 1115 2242 con·

103 2264 194 2329 stitui
228 2263 462 2349 obligationem
495 2266 650 2350 dicemus,
683 2266 767 2350 quod
799 2266 834 2328 in
865 2264 917 2330 his
947 2267 1116 2330 dumtaxat

101 2357 266 2436 receptum
286 2360 344 2436 est,
363 2375 443 2437 quae
462 2376 579 2420 nomen
595 2377 689 2418 suum
703 2354 833 2432 habent,
852 2359 889 2417 ut
902 2353 936 2417 in
951 2358 1115 2437 emptione

100 2442 296 2525 venditione,
319 2441 539 2529 conductione,
562 2443 723 2507 mandato.
768 2442 903 2526 ideoque
926 2441 1044 2507 Pedius
1069 2444 1116 2506 eit

100 2529 242 2595 alienam
260 2551 329 2593 rem
344 2529 476 2596 dantem
489 2533 614 2596 nullam
629 2532 819 2596 contrahere
833 2532 1114 2615 permutationem.

245 2669 340 2724 Soluto
357 2671 531 2724 matrimonio
549 2671 597 2725 doe
615 2671 838 2739 qumodmodum
855 2675 973 2737 petatur.

189 2769 242 2834 31.
267 2769 306 2835 D.
321 2770 374 2858 24,
389 2773 418 2851 1,
433 2771 475 2835 36
483 2793 531 2853 pr.
567 2770 686 2835 Paulus
707 2771 790 2835 libro
809 2770 998 2854 trigessimo
1023 2776 1112 2837 sexto

101 2857 140 2921 ad
163 2858 304 2922 edictum
328 2855 377 2944 (P.
392 2854 482 2945 541).
500 2895 544 2906 -
563 2857 597 2923 si
622 2860 759 2924 donatae
782 2881 833 2922 res
853 2863 991 2941 exstant,
1015 2861 1113 2924 etiam

100 2945 255 3011 vindicari
274 2951 441 3032 poterunt3
460 2947 515 3012 sed
535 2949 610 3031 quia
629 2969 759 3013 causam
777 2947 964 3031 possidendi
978 2949 1111 3014 donatio

97 3034 276 3118 praestitit,
307 3035 371 3100 nisi
398 3035 550 3100 reddatur
577 3059 641 3119 res,
675 3035 859 3101 aestimatio
888 3036 1034 3101 facienda
1063 3043 1113 3102 est

97 3122 183 3188 iusto
210 3123 319 3208 pretio
343 3125 514 3208 caverique
537 3124 715 3207 possidenti
738 3125 869 3189 debebit
892 3125 930 3188 de
954 3127 1111 3190 evictione

97 3211 221 3296 simpli,
250 3213 364 3296 quanti
392 3234 430 3276 ea
452 3235 504 3277 res
528 3213 584 3296 sit,
610 3214 707 3297 idque
730 3214 827 3278 etiam
851 3213 949 3280 Pedio
974 3215 1111 3278 videtur.

474 3351 519 3406 De
536 3353 615 3407 rebus
634 3354 738 3408 amotis.

187 3432 240 3508 32.
268 3442 306 3506 D.
322 3442 374 3525 25,
388 3444 419 3523 2,
433 3444 486 3529 21,
501 3446 528 3508 1.
571 3444 690 3508 Paulus
718 3444 800 3508 libro
827 3444 1016 3528 trigensimo
1040 3466 1110 3526 sep·

98 3528 179 3595 timo
203 3530 243 3594 ad
268 3530 407 3596 edictum
431 3530 480 3617 (P.
496 3530 585 3617 552).
607 3568 644 3579 -
666 3531 701 3597 Si
726 3554 837 3596 servus
856 3532 1000 3596 mulieris
1020 3531 1110 3597 iussu
