2422 3976
92 182 160 246 492
197 181 231 236 V.
249 180 400 236 NERVAE
418 180 466 234 ΕΤ
483 179 634 234 ΤΒΑΙΑΝΙ
652 177 758 234 ΤΕΜΡ.
776 178 873 233 IURIS
893 178 1079 234 CONSULTI

92 349 184 427 tenet,
211 345 354 409 dominns
381 344 514 408 ereditur
536 343 699 424 possidere.
748 343 831 424 qnod
855 363 925 408 vero
951 363 991 407 ex
1017 343 1111 408 mule

91 435 175 516 ficiis
196 432 442 515 adprehenditur,
464 433 499 496 id
520 433 563 496 ud
583 431 701 495 domini
718 433 939 512 possessionem
961 433 1031 496 ideo
1049 452 1112 496 non

87 523 233 607 pertinet,
255 523 331 603 qnia
352 541 406 585 nee
423 521 538 602 peculii
560 539 688 585 eumont
709 520 916 602 adprehendit.

289 747 356 807 VII.
388 746 556 806 Incertae
580 746 675 805 sedis
699 747 913 824 fragmenta.

375 865 425 931 De
446 865 602 930 heredibus
625 866 828 930 instituendis.

187 985 215 1047 1.
247 979 285 1047 D.
302 979 400 1064 aab,
416 981 464 1045 19.
514 978 674 1063 Ulpianus
707 981 790 1045 libro
819 981 958 1065 septimo
988 981 1030 1046 ad
1059 978 1113 1046 Sa·

96 1071 221 1136 binum.
238 1107 283 1117 —
301 1069 352 1134 Ex
370 1070 458 1134 facto
473 1068 675 1152 ..agitatum
690 1067 889 1152 Pomponius
905 1073 938 1133 et
952 1067 1111 1134 Arrianus

96 1160 258 1242 referunt,
290 1160 317 1222 si
350 1157 420 1242 quis
452 1178 553 1221 vacua
580 1161 673 1239 parte
700 1157 815 1222 relicta
842 1157 889 1222 ita
917 1158 1110 1222 instituerit:

97 1248 141 1312 ‘si
168 1249 249 1312 mihi
272 1245 364 1312 Seius
392 1245 485 1310 heres
509 1267 574 1309 non
599 1245 681 1328 erit',
709 1267 804 1330 quem
827 1269 892 1311 non
915 1246 1110 1328 instituerat,

97 1335 322 1420 ‘Sempronius
350 1335 442 1398 heres
471 1333 563 1414 esto',
592 1355 634 1397 an
661 1333 715 1399 hio
743 1357 899 1419 occupare
922 1337 1035 1417 possit
1060 1357 1110 1400 ra·

97 1429 227 1491 cantem
254 1423 446 1509 portionem.
493 1426 526 1487 et
550 1421 692 1506 Pegasus
721 1424 848 1506 quidem
877 1424 1046 1489 existimat
1072 1423 1108 1488 ad

98 1536 172 1578 eam
200 1521 326 1599 partem
354 1511 495 1595 admitti3
524 1509 637 1576 Aristo
666 1517 778 1576 eontra
801 1517 909 1596 putat,
939 1514 1018 1596 quia
1039 1513 1107 1577 huie

99 1624 177 1687 pars
201 1607 286 1666 esset
310 1601 394 1684 data,
417 1616 499 1684 quae
517 1601 608 1664 nulla
626 1603 725 1684 esset,
748 1622 845 1684 quam
865 1603 1060 1666 sententiam
1078 1606 1106 1665 et

95 1690 269 1756 Iavolenus
293 1690 431 1773 probat.
447 1741 453 1753 .
469 1739 476 1754 .

187 1801 404 1878 Fragmentum
427 1800 556 1860 fortasse
578 1800 664 1860 libris
688 1820 723 1859 ex
741 1799 860 1860 Plautio
885 1802 1103 1862 attribuendum

97 1909 164 1950 esse
186 1890 278 1949 Lenel
301 1889 416 1948 conicit.

511 1971 560 2036 De
583 1974 698 2056 tepetis,

188 2088 231 2152 2?
255 2088 294 2152 D.
310 2089 339 2171 7,
354 2087 383 2168 8,
401 2087 450 2170 10,
465 2088 494 2151 2.
536 2086 694 2170 Ulpianus
718 2088 802 2152 libro
827 2089 969 2172 septimo
989 2088 1100 2154 decimo

100 2178 141 2242 ad
160 2175 325 2241 Sabinum.
347 2212 385 2221 —
409 2226 436 2239 ..
457 2176 484 2238 si
508 2177 554 2240 sie
577 2177 707 2240 relictus
727 2177 782 2240 sit:
807 2176 868 2240 ‘illi
887 2178 1002 2242 domus
1019 2197 1099 2241 usurn

98 2268 240 2330 fructum
268 2264 438 2328 habitandi
467 2265 583 2345 eausa’,
610 2271 719 2328 utrum
747 2265 985 2330 habitationem
1009 2267 1097 2330 solam
1140 2272 1142 2283 '

100 2377 142 2418 an
162 2376 237 2418 vero
258 2358 290 2416 et
308 2354 556 2417 usumfructum
571 2353 700 2435 habeat,
719 2353 900 2418 videndum.
939 2360 971 2419 et
984 2354 1098 2418 Priscus
1139 2372 1142 2407 ι

99 2453 133 2506 et
155 2441 308 2506 Neratius
333 2446 449 2524 putant
473 2443 575 2505 solam
599 2442 834 2506 habitationem
859 2443 1011 2528 legatam.

188 2554 246 2612 Pro
276 2546 429 2628 ‘Priscus',
463 2553 541 2629 quod
568 2554 638 2610 libri
665 2555 760 2612 nostri
788 2554 915 2627 habent,
948 2556 1096 2614 Mommsen

100 2642 286 2718 Stephanum
315 2644 436 2700 secutus
466 2636 633 2700 ‘Proculus’
666 2643 792 2717 scripsit.
817 2663 844 2702 v.
870 2663 963 2718 supra
987 2664 1015 2719 p.
1039 2641 1096 2700 145.

419 2795 468 2860 De
490 2797 676 2860 Latinorum
699 2797 793 2861 honis,

190 2911 219 2974 3.
244 2910 313 2976 Gai.
329 2913 358 2995 3,
374 2912 425 2976 70.
452 2947 488 2956 -
516 2913 592 2976 ..si
616 2933 687 2975 oum
712 2912 822 2976 liberis
846 2914 915 2978 suis
939 2914 1033 2978 etiam
1054 2932 1095 2974 er-

100 3004 248 3064 traneum
271 3000 421 3064 heredem
445 3005 599 3083 patronus
622 3001 799 3084 reliquerit,
823 2999 954 3067 Caelius
977 3001 1095 3067 Sabinus

99 3088 148 3154 ait
166 3091 236 3151 tota
254 3089 341 3152 bona
360 3111 418 3172 pro
438 3088 586 3152 virilibus
605 3090 752 3172 partibus
773 3090 813 3154 ad
834 3090 956 3156 liberos
971 3085 1095 3155 defuncti

100 3178 274 3261 pertinere,
307 3178 382 3260 quia
409 3200 481 3242 oum
510 3181 681 3241 extraneus
710 3179 803 3243 heres
832 3180 1020 3263 intervenit,
1043 3196 1095 3240 non

99 3266 200 3330 habet
219 3266 269 3328 lex
285 3264 379 3330 Iunia
397 3267 512 3344 lotum,
532 3266 587 3329 sed
607 3271 737 3330 senatus
755 3269 941 3332 consultum
957 3268 1012 3353 (so.
1026 3261 1094 3351 quod

100 3354 192 3439 Lupo
231 3361 263 3418 et
295 3353 403 3437 Largo
441 3355 626 3418 consulibus
659 3355 780 3419 factum
814 3354 888 3440 est).
943 3357 1095 3421 Iavolenus

100 3449 209 3506 autem
243 3444 289 3507 ait
320 3447 448 3507 tantum
481 3465 553 3506 eam
580 3447 705 3527 partem
735 3467 773 3508 ex
802 3449 936 3510 senatus
964 3441 1093 3511 consulto

101 3531 221 3595 liberos
249 3533 378 3612 patroni
407 3553 466 3615 pro
494 3532 639 3595 virilibus
668 3533 816 3616 partibus
840 3534 1007 3599 habituros
1030 3547 1092 3607 esse,
