2422 3976
478 161 503 212 9.
522 154 727 212 ATILIGINUS
1046 157 1108 221 191

122 314 261 383 nfundo
288 319 399 402 legato
421 318 571 383 inutilem
595 318 753 401 futuram,
780 318 896 385 deinde
919 342 958 385 ex
980 320 1114 406 reliquis

122 405 246 487 portibus
272 406 365 473 fundi
393 408 475 493 legis
501 406 664 472 Falcidiae
691 408 875 491 portionem
902 407 1114 491 decessurum,

123 492 187 558 sicut
206 517 244 561 ex
267 496 418 562 omnibus
440 496 570 582 legatis.

455 661 504 720 De
520 661 635 735 peculio
659 662 757 735 lepolo.

73 780 75 825 ῑ
190 761 217 828 5.
243 761 283 828 Ι).
298 762 352 847 33,
366 763 396 844 8,
409 762 440 845 6,
453 764 483 826 4.
519 760 680 846 Ulpianus
700 761 784 827 libro
803 762 980 828 vicensimo
1000 764 1113 848 quinto

73 834 77 923 l
123 847 326 916 adSabinum
354 847 405 937 (P.
425 850 537 934 2680).
561 887 607 896 -
634 899 663 916 ..
691 872 763 915 cum
791 848 921 916 Gnaeus
948 850 1114 917 Domitius

73 926 77 1039 ζ
121 933 185 1004 filiae
198 961 274 1005 suae
287 940 450 1024 peculium
465 938 550 1024 quod
569 939 638 1004 eius
658 943 743 1003 esset
756 940 907 1025 legasset,
926 943 958 1004 et
972 963 1115 1005 annuum

123 1029 185 1107 quod
206 1034 236 1094 ei
260 1028 377 1094 solitus
401 1034 471 1093 erat
490 1034 574 1111 dare,
595 1027 729 1093 biennio
747 1050 813 1093 non
833 1028 982 1112 dedisset,
1006 1029 1063 1093 sed
1080 1030 1114 1094 in

122 1117 279 1183 rationibus
299 1117 368 1182 suis
387 1116 569 1182 rettulisset
586 1117 671 1181 filiae
691 1137 725 1182 se
740 1117 855 1182 debere
870 1118 1115 1204 quinquaginta,

122 1199 275 1272 Atilicinus
298 1205 496 1271 existimavit
518 1207 628 1291 legato
652 1227 718 1270 non
741 1206 861 1271 cedere.

186 1301 231 1361 De
264 1298 317 1361 Gn.
345 1299 473 1360 Domitii
511 1298 683 1360 nominibus
720 1301 854 1378 vulgatis
889 1321 917 1361 v.
945 1300 1114 1360 Wilmanns

121 1379 242 1466 lxempla
260 1389 293 1448 H
315 1409 344 1465 p.
360 1391 424 1450 324
449 1392 479 1448 et
500 1388 678 1466 Prosopogr.
696 1388 795 1448 1123.

188 1474 216 1538 6.
248 1471 289 1539 Ι).
309 1472 359 1555 15,
379 1475 407 1558 1,
429 1473 479 1538 17.
524 1471 685 1555 Ulpianus
713 1473 795 1536 libro
825 1472 999 1538 vicensimo
1027 1494 1114 1539 nono

121 1555 311 1627 dedictum
344 1560 395 1647 (P.
414 1560 519 1645 852⁸).
550 1597 588 1608 —
618 1560 663 1625 Et
692 1560 848 1627 Proculus
881 1567 914 1626 et
940 1561 1114 1627 Atilicinus

121 1646 296 1734 existimant,
320 1650 403 1715 sicut
424 1648 489 1734 ipsi
511 1650 624 1714 vicarii
646 1654 721 1714 sunt
740 1650 775 1714 in
793 1651 928 1734 peculio,
951 1652 998 1715 ita
1016 1650 1115 1716 etiam

120 1741 222 1814 peculia
244 1761 364 1804 eorum.

315 1886 362 1945 De
384 1889 562 1946 momentis
583 1887 772 1945 muddarc'boe
794 1886 901 1960 leontis.

186 2013 213 2053 v.
232 1993 322 2068 Resp.
343 1995 372 2051 2.

295 2153 343 2210 De
366 2154 497 2212 coctione
519 2153 678 2226 lecatorum
701 2154 919 2212 secundorum.

190 2255 219 2318 7.
242 2251 283 2317 Ι).
297 2253 410 2333 32,19.
429 2289 472 2299 -
491 2251 614 2316 Valens
638 2253 723 2318 libro
743 2254 856 2337 quinto
876 2252 1115 2317 Fideicommis·

120 2351 208 2406 ⁸trum
223 2338 274 2428 (P.
283 2340 349 2425 14).
358 2378 401 2387 -
415 2339 450 2406 Si
464 2341 526 2405 tibi
541 2344 686 2427 legatum
702 2348 753 2406 est
766 2342 818 2406 vel
832 2341 1116 2405 fideicommissum

73 2452 77 2507 ι
119 2426 261 2520 felictum,
285 2431 334 2494 uti
357 2430 434 2514 quid
456 2430 568 2510 facias,
591 2431 719 2495 etiamsi
741 2453 808 2495 non
832 2432 967 2494 interest
988 2427 1115 2493 heredis

73 2526 75 2579 ζ
120 2511 143 2576 ld
160 2517 236 2603 fieri,
257 2519 441 2604 negandam
465 2519 528 2583 tibi
550 2520 720 2597 actionem,
743 2520 772 2582 si
789 2540 854 2584 non
874 2539 987 2583 caveas
1006 2517 1116 2581 heredi

118 2595 256 2691 futurum,
289 2608 374 2692 quod
403 2605 571 2672 defunctus
598 2609 715 2692 voluit,
744 2606 852 2673 Nerva
880 2611 912 2671 et
939 2607 1115 2671 Atilicinus

116 2736 139 2755 ··
155 2701 356 2779 putaverunt.

519 2791 567 2848 De
587 2791 699 2862 funere.

187 2893 217 2958 8.
245 2889 285 2956 D.
301 2891 353 2974 11,
369 2891 465 2974 7,28.
510 2890 710 2974 Pomponius
739 2889 824 2953 libro
853 2890 964 2974 quinto
992 2891 1115 2956 decimo

111 2979 144 3044 ad
169 2979 327 3046 Sabinum
356 2976 406 3065 (P.
427 2977 530 3064 60712).
559 3017 600 3026 -
631 2979 722 3056 Quod
756 2979 784 3043 si
815 2979 904 3044 nulla
934 2979 992 3044 dos
1021 2984 1116 3065 esset,

107 3071 177 3135 tunc
205 3089 333 3135 omnem
362 3068 529 3152 inpensam
559 3065 617 3156 (sc.
640 3064 778 3153 funeris)
802 3070 927 3151 patrem
950 3074 1116 3152 praestare

105 3156 213 3224 debere
236 3157 412 3222 Atilicinus
441 3158 488 3222 ait
516 3163 572 3222 aut
599 3157 733 3221 heredes
759 3156 828 3221 eius
852 3157 1009 3238 mulieris,
1037 3159 1117 3240 puta

103 3248 330 3331 emancipatae.
380 3246 465 3330 quod
500 3247 527 3310 si
558 3267 661 3330 neque
694 3245 828 3311 heredes
859 3246 979 3311 habeat
1012 3265 1115 3326 neque

98 3341 190 3423 pater
214 3334 367 3401 solvendo
391 3335 443 3418 sit,
466 3334 620 3399 maritum
643 3336 676 3398 in
700 3339 856 3419 quantum
879 3335 985 3399 facere
1008 3334 1117 3416 potest

96 3448 156 3512 pro
178 3425 242 3490 hoc
266 3424 446 3508 conveniri,
473 3445 513 3488 ne
537 3423 656 3487 iniuria
679 3423 747 3487 eius
772 3423 931 3488 videretur
954 3419 1116 3505 quondam

95 3535 230 3582 uxorem
255 3513 323 3577 eius
347 3512 543 3597 insepultam
566 3513 712 3595 relinqui.
