2422 3976
96 192 161 256 322
198 192 231 248 V.
250 190 401 247 NERVAE
419 190 466 245 ET
485 190 637 245 TRAIANI
656 189 763 246 ΤΕΜΡ.
782 189 879 246 IURIS
897 188 1085 246 CONSULTI

326 387 377 455 De
400 390 588 456 Publiciana
611 391 646 454 in
668 410 733 455 rom
755 391 881 455 actione.

187 497 240 562 28.
259 495 298 560 D.
305 497 416 580 aar?
420 547 427 562 .
459 495 614 561 Neratius
629 497 712 561 libro
726 495 825 562 tertio
838 495 1112 563 Membranarnm.

99 621 139 632 -
164 584 355 650 Publiciana
382 585 467 650 actio
494 607 560 650 non
587 585 659 649 ideo
688 589 876 669 comparata
904 589 968 669 est,
996 592 1033 652 ut
1059 607 1109 651 res

97 674 229 740 domino
254 674 431 757 auferatur,
454 673 586 758 eiusque
608 674 656 738 rei
679 678 906 758 argumentum
930 678 981 739 est
1004 676 1107 759 primo

98 763 257 848 aequitas,
290 763 405 827 deinde
432 763 577 847 exceptio
605 761 647 827 ‘si
674 784 712 827 ea
738 784 791 828 res
816 764 1017 846 possessoris
1043 785 1105 829 non

96 850 160 935 sit',
193 852 250 916 sed
276 855 314 917 ut
340 853 382 932 is,
418 852 473 936 qui
501 851 587 915 bona
613 850 675 915 fide
703 851 783 915 emit
808 853 1104 936 possessionemque

99 941 166 1005 cius
191 963 229 1005 ex
253 962 290 1004 ea
309 962 407 1006 causa
424 944 537 1005 nactus
557 944 615 1024 est,
636 940 745 1023 potius
763 961 832 1004 rem
849 940 973 1005 habeat
990 940 1100 1026 <quam

99 1029 236 1112 quilibet
259 1029 341 1093 alins
364 1034 493 1113 praeter
515 1028 695 1112 dominum,
719 1029 746 1093 si
769 1029 799 1092 is
822 1050 891 1094 rem
913 1029 1062 1112 habeat).

462 1205 513 1270 De
535 1207 739 1272 servitutibus.

184 1313 237 1378 29.
256 1312 293 1377 D.
310 1314 339 1396 8,
354 1313 384 1395 3,
398 1313 429 1396 3,
443 1312 474 1376 3.
490 1348 527 1359 -
545 1310 607 1388 Qui
620 1311 721 1376 habet
734 1313 896 1398 haustum,
910 1312 974 1378 iter
984 1330 1093 1397 quoque

96 1402 215 1467 habere
235 1400 360 1466 videtur
379 1402 419 1466 ad
438 1401 649 1466 hauriendum
669 1405 710 1485 et,
728 1406 766 1465 ut
784 1402 830 1466 ait
848 1399 1004 1468 Neratius
1022 1401 1091 1466 libro

95 1491 193 1554 tertio
213 1490 484 1571 Membranarum,
508 1489 575 1554 sive
599 1488 700 1554 eiius
723 1490 892 1555 hauriendi
916 1495 950 1555 et
972 1485 1091 1557 adeundi

94 1580 150 1661 <in
172 1579 264 1661 iure>
288 1600 414 1643 cessum
438 1579 494 1662 sit,
522 1582 694 1663 utrumque
716 1579 865 1660 habebit,
888 1578 956 1644 sive
979 1583 1090 1644 tantum

94 1667 277 1748 hauriendi,
304 1668 408 1732 inesse
432 1667 625 1751 studitum,
653 1668 721 1732 sive
747 1671 877 1733 tantum
906 1668 1039 1733 adeundi
1060 1661 1089 1727 ad

94 1757 233 1857 fontem,
254 1754 361 1821 inesse
384 1762 417 1820 et
439 1755 601 1822 haustum.
646 1756 727 1821 haec
752 1757 790 1820 dc
813 1756 934 1821 haustu
958 1779 996 1821 ex
1017 1755 1089 1820 fonte

93 1850 234 1998 pmadN.
263 1932 302 1999 D.
317 1933 392 1999 ibid.
418 1969 456 1980 -
483 1933 534 1998 Ad
556 1933 675 1998 flumen
700 1936 808 1998 autem
832 1935 999 2017 publicum
1020 1931 1087 1997 iden

94 2021 247 2088 Neratius
266 2022 377 2087 eodem
399 2023 482 2086 libro
504 2022 617 2088 scribit
635 2022 696 2086 iter
715 2023 830 2087 debere
844 2021 902 2105 <in
921 2022 1010 2108 iure>
1027 2016 1089 2098 cedi,

93 2111 246 2176 haustum
273 2133 340 2176 non
371 2116 534 2195 oportere,
571 2116 603 2175 et
635 2111 662 2175 si
695 2111 765 2196 quis
797 2114 927 2175 tantum
954 2112 1087 2176 haustum

94 2201 238 2283 cesserit,
262 2200 344 2263 nihil
369 2220 442 2263 eum
466 2221 569 2283 agere.

519 2376 569 2441 Da
591 2399 681 2460 aqna.

184 2486 236 2550 31.
264 2483 302 2548 D.
317 2484 370 2567 43,
385 2484 437 2565 20,
452 2484 481 2549 6.
526 2481 680 2547 Neratius
709 2482 792 2548 libro
820 2486 918 2549 tertio
946 2485 1090 2550 Membra·

96 2595 219 2637 narum.
243 2609 284 2620 -
309 2572 357 2637 De
385 2572 555 2636 interdicto
580 2572 618 2636 de
643 2593 727 2656 aqua
750 2572 885 2651 aestiva,
913 2575 993 2638 item
1016 2570 1093 2639 cotti·

95 2662 191 2725 diana
206 2665 396 2744 quaerentes
410 2661 551 2744 primum
561 2660 821 2725 constituendum
831 2662 1093 2741 existimabamus,

95 2772 177 2833 quae
202 2754 287 2814 esset
310 2772 393 2834 aqua
417 2750 549 2834 aestiva,
572 2749 610 2813 de
630 2771 693 2833 qua
710 2750 878 2832 proprium
898 2751 1093 2816 interdictum

94 2838 133 2900 ad
159 2839 277 2920 prioris
298 2839 430 2903 aestatis
449 2843 576 2921 tempus
595 2840 732 2902 relatum
751 2838 841 2903 reddi
860 2840 955 2923 solet,
977 2841 1037 2905 hoc
1053 2841 1094 2902 est

96 2927 220 2991 aestiva
248 2949 331 3012 aqua
358 2931 508 2991 utrumne
533 2948 571 2990 ex
593 2926 662 2990 iure
687 2927 809 2991 aestivo
833 2927 1007 2994 dumtaxat
1026 2934 1093 2992 tem·

92 3037 171 3098 pore
199 3017 309 3080 utendi
337 3017 508 3100 diceretur,
536 3037 577 3079 an
601 3037 639 3079 ex
663 3019 770 3079 mente
793 3017 1027 3103 propositoque
1049 3015 1094 3079 du·

94 3105 209 3187 centis,
237 3105 321 3188 quod
350 3109 472 3168 aestate
501 3125 572 3168 eam
600 3104 734 3169 ducendi
763 3106 935 3170 consilium
963 3108 1096 3186 haberet,

94 3215 135 3256 an
160 3215 197 3256 ex
220 3196 337 3257 natura
360 3193 461 3275 ipsius
486 3215 602 3276 aquae,
625 3194 710 3276 quod
735 3197 857 3257 aestate
880 3200 1010 3260 tantum
1034 3191 1094 3259 duci

93 3285 217 3364 potest,
249 3304 290 3345 an
324 3304 362 3345 ax
394 3282 535 3346 utilitate
568 3283 723 3364 locorum,
755 3282 790 3345 in
818 3304 900 3366 qnae
929 3284 1094 3350 duceretur.

92 3371 242 3452 placebat
265 3371 367 3455 igitur
385 3392 501 3453 aquam
521 3370 563 3433 ob
582 3370 641 3434 has
661 3371 738 3435 duas
758 3392 819 3455 res,
842 3377 996 3437 naturam
1014 3391 1093 3438 suam

93 3459 331 3542 utilitatemque
354 3460 497 3523 locorum
521 3460 555 3523 in
579 3481 661 3544 quae
685 3458 867 3545 deducitur,
895 3462 1026 3546 proprie
1047 3481 1093 3542 ap-

92 3546 222 3631 pellari,
250 3548 296 3611 ita
323 3551 372 3630 ut,
402 3546 468 3612 sive
496 3549 565 3612 eius
592 3552 709 3612 natura
734 3547 807 3634 erit,
835 3553 872 3613 ut
895 3552 958 3616 nisi
983 3552 1093 3617 aestate
