2422 3976
204 211 239 267 11.
257 209 745 267 moussouuussu‘rsuslss
765 210 811 265 ΕΤ
829 210 936 266 LIBRI.
1011 212 1075 275 527

64 378 100 439 te
129 374 312 459 depositam
346 378 403 439 aut
437 396 478 439 ex
509 374 713 439 commodato
744 373 805 438 tibi
835 373 1077 460 (permissam)
1136 439 1141 445 ,

64 464 234 547 possidere
260 484 364 548 neque
387 463 518 529 reddere
547 463 761 545 constitueris,
793 463 963 527 confestim
996 467 1077 530 ami-

65 551 150 617 sisse
172 573 226 616 me
248 552 485 636 possessiouem
508 552 560 617 vel
578 552 784 636 ignorantem
803 573 992 635 responsum
1018 559 1076 618 est.

155 640 210 707 43.
233 640 273 707 D.
296 643 349 725 41,
371 642 402 723 2,
422 644 450 723 l,
470 640 520 706 14.
543 640 665 705 Paulus
684 641 768 706 libro
788 640 1075 724 quinquagensimo

64 732 186 815 quarto
209 729 250 794 ad
273 730 420 794 edietum.
445 766 487 776 -
507 779 558 796 ...
577 729 654 794 lieet
666 731 905 812 respondeatur,
923 731 1076 813 quamdiu

64 818 107 883 sb
136 818 203 882 alio
230 840 296 883 non
322 818 526 902 possideatur
549 816 607 903 (so.
631 840 742 882 servus
765 820 821 902 qui
844 820 877 881 in
900 818 979 901 fuga
1002 817 1076 905 est),

64 907 205 971 anobis
233 928 306 970 eum
333 906 490 990 possideri
517 906 651 990 ideoque
678 907 807 970 interim
837 928 909 970 eum
933 910 1075 991 usucapi.

153 995 207 1060 44.
243 993 281 1062 D.
301 996 354 1078 41,
368 994 399 1078 5,
413 996 442 1078 2,
457 996 486 1058 1.
522 995 667 1059 Iulianus
695 994 778 1059 libro
806 995 1075 1080 quadragensimo

64 1085 183 1168 quarto
206 1081 424 1167 Digestorum.
448 1120 490 1130 —
589 1105 778 1167 responsum
801 1089 850 1149 est
867 1106 969 1168 neque
989 1086 1075 1150 oolo-

62 1192 143 1237 num
179 1192 283 1255 neque
320 1193 392 1235 eum
427 1171 512 1256 apud
542 1194 637 1256 quem
668 1195 719 1237 res
753 1172 899 1255 deposita
931 1177 988 1237 aut
1023 1174 1075 1238 aui

64 1259 272 1327 commodata
299 1264 361 1344 est,
389 1260 632 1325 lucrifaciendi
659 1283 755 1326 eausa
777 1283 836 1346 pro
860 1261 975 1326 herede
1003 1284 1076 1325 usu-

63 1368 295 1503 ωμτὲὗῗοεόῗ
298 1399 305 1412 ·
315 1437 369 1522 41,
397 1438 427 1520 3,
454 1430 511 1521 13,
545 1438 574 1504 l.
611 1437 700 1502 idem
733 1436 789 1522 (so.
821 1436 957 1524 Paulus)
990 1438 1074 1504 libro

65 1526 183 1610 quinto
207 1525 247 1589 ad
266 1524 440 1591 Plautium.
466 1563 503 1573 -
529 1525 613 1591 Eum
637 1528 693 1610 qui
716 1548 735 1590 a
757 1527 880 1591 furioso
903 1528 989 1592 bona
1012 1527 1085 1602 fide

66 1614 156 1699 emit,
177 1635 355 1698 usucapere
377 1636 473 1699 posse
495 1637 685 1698 responsum
708 1619 765 1679 est

154 1703 208 1768 46.
254 1700 294 1768 D.
317 1705 370 1787 41,
392 1705 423 1782 4,
446 1705 523 1787 4pr.
569 1703 741 1769 Iavolenus
766 1704 848 1769 libro
873 1705 1011 1769 seeundo
1036 1727 1074 1768 ex

62 1788 202 1856 Plautio.
230 1826 275 1838 —
301 1791 442 1875 Emptor
470 1791 563 1855 fundi
589 1796 715 1875 partem
739 1794 806 1856 eius
832 1792 971 1856 alienum
1004 1814 1073 1856 esse

62 1901 131 1945 non
163 1880 382 1964 ignoraverat:
425 1902 616 1963 responsum
653 1885 703 1946 est
734 1881 817 1945 nihil
855 1903 927 1944 eum
964 1904 1002 1946 ex
1035 1903 1072 1945 eo

62 1966 163 2034 fundo
185 1967 258 2033 usu¹
281 1973 460 2052 capturum.

433 2118 483 2183 De
504 2120 705 2184 servitutrtas.

152 2234 206 2300 47.
238 2233 278 2298 D.
308 2235 338 2318 8,
369 2234 398 2312 5,
428 2236 478 2313 17,
504 2237 530 2298 1.
563 2232 698 2298 Alfenus
731 2235 812 2298 libro
847 2234 984 2299 seoundo
1017 2233 1071 2299 Di-

62 2326 239 2409 gestorum.
277 2360 314 2370 -
347 2322 429 2388 Cum
456 2323 489 2385 in
520 2322 615 2386 domo
643 2321 716 2387 Gaii
744 2320 797 2387 Sei
824 2324 913 2388 locus
942 2324 1071 2408 quidam

62 2411 197 2477 aedibus
234 2409 321 2476 Anni
358 2412 407 2476 ita
439 2412 585 2493 serviret,
617 2415 654 2475 ut
686 2412 718 2475 in
751 2433 788 2475 eo
821 2413 892 2477 loco
930 2413 1071 2495 positum

60 2500 183 2565 habere
214 2502 265 2564 ius
303 2500 376 2565 Seio
408 2521 473 2564 non
506 2506 598 2582 esset,
631 2504 663 2564 et
695 2498 785 2564 Seius
819 2502 852 2564 in
886 2523 922 2565 eo
956 2501 1070 2564 silvam

60 2588 213 2671 mvisset,
240 2589 359 2673 inqua
386 2589 479 2653 labra
509 2592 541 2652 et
569 2588 656 2652 tenes
679 2594 707 2653 et
730 2591 922 2653 cucumellas
947 2589 1071 2672 positas

59 2676 207 2760 haberet,
230 2677 339 2741 Annio
364 2676 533 2742 eonsilium
557 2699 667 2741 omnes
686 2679 765 2742 iuris
783 2678 880 2761 periti
908 2679 1072 2756 dederunt,

57 2769 98 2831 ut
119 2786 197 2831 eum
217 2787 255 2830 eo
274 2769 397 2849 ageret:
420 2765 469 2829 ius
488 2765 519 2828 ei
538 2787 605 2830 non
624 2787 693 2830 esse
712 2767 745 2829 in
765 2788 801 2829 eo
821 2768 892 2830 looo
912 2789 949 2831 ea
963 2766 1071 2850 posita

58 2852 184 2920 habere
205 2854 309 2918 inuito
333 2876 375 2918 se.

431 2977 482 3043 De
497 2980 699 3062 postliminio.

150 3094 204 3158 48.
227 3090 267 3157 D.
290 3093 343 3173 49,
368 3094 418 3176 15,
441 3093 473 3171 5,
497 3095 526 3158 3.
553 3093 750 3178 Pomponius
774 3094 857 3158 libro
880 3093 1069 3179 trigensimo

60 3182 203 3266 septimo
226 3181 268 3245 ad
291 3179 444 3256 Quintum
462 3181 614 3247 Mucium.
635 3220 676 3229 -
696 3231 724 3247 ..
740 3233 747 3248 .
766 3183 800 3246 in
819 3183 920 3248 Atilio
936 3181 1070 3266 Regulo,

60 3290 158 3354 quem
192 3267 476 3354 Carthaginienses
509 3270 647 3335 Romam
679 3272 844 3355 miserunt,
880 3292 1070 3354 responsum

61 3364 121 3442 est,
142 3380 211 3424 non
234 3379 304 3422 esse
327 3379 401 3422 eum
422 3358 624 3441 postliminio
643 3381 858 3426 reversum...

150 3451 188 3512 of.
210 3451 227 3510 Ι
248 3469 279 3530 p.
303 3453 355 3512 43.

134 3582 150 3630 1
171 3576 246 3632 rsit.
265 3576 350 3644 longa
368 3575 552 3645 possessione.
