2422 3976
383 201 408 251 4.
429 195 457 251 C.
473 195 618 251 CASSIUS
636 196 822 260 LONGINUS
1069 199 1086 261 7
1091 199 1111 262 3

133 361 191 420 niun
210 383 275 422 eum
298 364 469 424 adversario
489 365 559 423 dare
577 365 714 442 iubendo,
738 384 797 441 quo
816 366 847 424 in
865 385 988 425 numero
1008 366 1113 425 haberi

132 467 173 508 non
194 455 320 528 oportet,
348 453 374 512 si
401 453 525 512 testium
552 454 674 512 nomina
701 472 736 512 ex
764 455 912 513 sententia
935 455 1041 513 arbitri
1064 474 1112 514 ex·

129 535 201 600 hibita
220 561 277 600 non
301 536 394 600 sunt'.

194 628 331 699 Quamvis
359 631 391 688 in
417 630 553 690 Iauoleni
579 630 755 707 fragmentis
782 630 829 690 his
856 634 975 707 praeter
1003 630 1112 690 Gaium

129 715 163 772 ul
181 717 280 777 Gaium
302 717 441 778 Cassium
464 719 541 777 alius
564 720 637 779 iuris
661 719 815 779 consultus
837 720 938 779 nullus
961 720 1111 796 laudetur,

128 801 194 865 inno
220 808 386 866 afferantur
408 811 525 866 tantum
550 801 707 885 ‘plerique'
730 808 767 868 D.
789 811 887 884 17,1‚
909 810 1017 884 36pr.,
1040 828 1112 866 num

127 883 203 952 ‘idem'
225 894 347 955 Cassius
371 896 418 972 sit,
442 897 530 955 valde
553 896 679 955 dubium
702 902 756 955 est.

399 1073 446 1132 De
467 1075 621 1133 nepotibus
644 1075 811 1133 actionibus.

191 1174 217 1240 6.
239 1172 279 1238 D.
291 1172 321 1257 9,
331 1173 362 1254 4,
372 1173 423 1238 15.
465 1172 566 1238 Gaius
590 1174 674 1238 libro
698 1178 789 1238 sexto
814 1173 853 1237 ad
877 1172 1016 1238 edietum
1039 1196 1113 1258 pro·

124 1258 237 1326 rinoiale
256 1259 307 1348 (P.
320 1259 407 1346 130).
430 1298 467 1307 -
487 1258 538 1347 (si
558 1262 729 1327 statuliber
748 1268 797 1326 est
814 1263 851 1346 is,
872 1263 963 1326 ouius
982 1264 1113 1328 nomine

123 1351 210 1414 noxali
240 1350 361 1415 iudicio
389 1354 498 1416 aetum
526 1356 589 1435 est,
621 1356 654 1415 et
682 1354 756 1415 ante
783 1351 977 1414 deditionem
1005 1352 1114 1416 extitit

121 1437 277 1525 condicio)
319 1444 450 1521 praetor
478 1439 645 1504 decernere
673 1440 768 1504 debet
795 1439 1041 1504 translationem
1065 1440 1112 1505 iu·

120 1521 177 1589 dicii
211 1527 245 1592 in
283 1528 510 1592 statuliberum
546 1529 631 1614 fieri,
668 1529 697 1592 si
732 1550 807 1594 vero
844 1528 891 1593 rei
924 1527 1112 1593 iudicandae

119 1611 244 1698 ternpore
263 1615 368 1681 adhue
386 1616 420 1680 in
439 1638 594 1701 suspenso
614 1617 657 1681 sit
670 1620 795 1682 statuta
809 1617 952 1698 libertas,
972 1615 1111 1682 Sabinus

118 1705 141 1765 o
151 1701 277 1770 Cassius
296 1704 429 1769 liberari
443 1706 591 1771 heredem
606 1710 725 1790 putant
737 1703 961 1789 monciprooodo¹
977 1729 1111 1791 servum,

117 1793 176 1872 qnia
197 1798 268 1858 toto
293 1815 351 1859 suo
375 1795 443 1858 iure
467 1794 600 1859 cederet.

418 1975 598 2040 dommedart·
619 1979 663 2036 oet
685 1981 793 2036 contro.

69 2074 71 2085 '
187 2080 216 2145 7.
240 2078 280 2143 D.
293 2078 342 2157 13,
355 2078 424 2161 6,1‚
436 2080 463 2142 1.
508 2077 668 2161 Ulpianus
691 2078 775 2142 libro
799 2078 973 2141 vicensimo
997 2081 1111 2142 octavo

112 2165 143 2229 ad
162 2167 303 2232 edietum
324 2163 373 2252 (P.
384 2163 474 2252 798).
491 2201 528 2214 -
550 2165 658 2231 Labeo
739 2167 785 2230 ait
867 2167 1112 2230 commodari..

109 2274 167 2319 rem
188 2256 352 2333 mobilem,
376 2276 442 2319 non
460 2255 557 2321 etiam
577 2256 648 2339 soli,
665 2256 817 2319 utendam
837 2255 907 2318 dari
926 2255 1023 2318 etiam
1043 2254 1112 2319 soli.

107 2345 155 2408 sed
179 2350 217 2409 ut
235 2347 380 2428 apparet,
403 2344 532 2428 proprie
552 2343 756 2408 commodata
773 2365 825 2408 res
845 2343 961 2408 dieitur
979 2346 1012 2407 et
1031 2364 1112 2426 quae

104 2434 159 2496 soli
182 2436 245 2518 est,
270 2433 367 2517 idque
391 2437 424 2496 et
447 2429 578 2497 Cassius
601 2432 773 2496 existimat.

429 2615 477 2672 De
498 2617 644 2674 institorio
668 2616 784 2673 actione.

186 2717 216 2782 8.
237 2715 277 2782 D.
290 2717 340 2795 14,
350 2715 380 2799 3,
391 2716 420 2796 5,
432 2716 483 2779 12.
519 2713 678 2798 Ulpianus
697 2714 782 2778 libro
801 2714 976 2779 vicensimo
996 2718 1110 2779 octavo

100 2805 138 2869 ad
166 2805 309 2869 edietum
333 2800 382 2890 (P.
398 2801 486 2888 825).
510 2840 552 2850 —
575 2851 606 2868 ..
634 2803 662 2865 si
688 2804 863 2888 praeposui
891 2803 931 2866 ad
955 2803 1109 2868 mercium

100 2892 355 2976 distractionem,
379 2891 514 2956 tenebor
536 2892 666 2957 nomine
690 2893 758 2955 eius
783 2913 821 2955 ex
843 2895 950 2975 empto
971 2893 1111 2974 aetione3

97 2982 175 3047 item
205 2982 234 3046 si
259 2981 344 3047 forte
368 2981 408 3045 ad
432 2980 600 3044 emendum
625 3002 697 3044 eum
721 3001 950 3064 praeposuero,
977 2982 1113 3045 tenebor

97 3070 269 3136 dumtaxat
297 3092 337 3134 ex
364 3069 508 3155 vendit03
536 3069 592 3132 sed
619 3090 721 3151 neque
750 3069 778 3132 si
807 3069 847 3133 ad
871 3070 1054 3151 emendum,
1081 3073 1114 3132 et

96 3159 152 3224 ille
175 3159 367 3239 vendiderit,
389 3179 492 3242 neque
516 3158 544 3220 si
568 3156 608 3220 ad
630 3156 842 3242 rendendum,
866 3163 898 3221 et
917 3158 970 3222 ille
990 3157 1114 3239 emerit,

96 3248 228 3313 debebit
251 3249 371 3330 teneri,
394 3247 488 3330 idque
513 3245 644 3312 Cassius
667 3246 794 3328 probat.

186 3336 230 3401 9?
257 3335 297 3400 D.
309 3335 361 3413 14,
371 3335 440 3418 3,5‚
454 3336 505 3400 14.
541 3333 702 3418 Ulpianus
725 3333 803 3398 ibid.
825 3370 869 3381 -
898 3333 933 3398 Si
961 3334 990 3397 ei
1019 3353 1113 3417 quem

96 3425 136 3489 ad
159 3423 364 3490 vendendum
388 3424 599 3489 emendumve
623 3423 729 3487 oleum
753 3424 938 3507 praeposui,
967 3426 1114 3484 mutuum

169 3570 184 3617 1
206 3563 284 3619 Treb.
303 3561 448 3618 tradendo.
