2422 3976
101 188 168 252 482
204 187 237 243 V.
257 185 407 242 NERVAE
425 186 472 239 ΕΤ
491 185 645 240 TRAIANI
662 186 770 243 ΤΕΜΡ.
789 186 888 242 IURIS
907 186 1084 244 CONSULTI

190 355 282 414 Lenel
300 355 331 414 P.
347 357 386 415 ad
403 356 464 414 Iav.
481 357 543 414 114
563 357 594 414 et
613 355 643 414 Z.
658 355 685 414 d.
701 355 825 415 Saaht.
840 355 917 414 VIII
929 377 958 433 p.
977 359 1049 418 198.
1072 389 1113 398 -

100 445 266 504 Mommsen
281 441 330 519 §2
346 445 390 503 ita
407 445 564 521 legendam
582 444 746 504 existimat:
765 438 847 503 ‘nam
865 446 1114 520 quemadmodum

101 552 152 593 eas
167 533 246 593 solas
261 547 291 591 et
305 536 460 609 separatas
475 533 512 592 ab
523 532 655 591 aedificio
666 552 725 592 non
734 534 897 609 possedisti
905 533 965 593 nisi
974 534 1113 610 depositis

48 630 51 639 “
101 623 236 696 aedibus,
256 640 332 698 quae
351 623 407 680 hoc
425 640 543 697 quoque
559 621 657 697 ipsum
672 623 834 695 continent,
854 624 897 682 sic
910 641 965 682 nec
979 642 1070 700 penes
1083 626 1112 682 te

102 712 241 789 singulae
265 714 317 769 aut
341 713 497 784 separatae
520 711 644 768 fuerunt
667 711 897 770 cohaerentibus
915 711 963 771 his
985 712 1018 770 in
1036 712 1110 771 aedi·

100 794 189 861 ficio'
240 799 339 858 Eisele
367 799 470 858 Jahrb.
498 799 518 856 f.
546 799 652 876 Dogm.
676 798 776 857 XXIV
799 821 828 877 p.
853 800 917 860 515
942 821 971 859 n.
997 804 1015 860 9
1043 820 1111 860 voce

102 881 155 947 ‘et’
184 892 253 946 ante
281 881 542 947 ‘cohaerentibus'
571 891 603 946 et
629 891 775 947 commate
805 883 963 964 ‘depositis
991 890 1109 949 aedibus

101 995 177 1053 quae
208 977 264 1035 hoc
297 995 415 1054 quoque
442 978 542 1053 ipsum
569 972 734 1036 coutinent'
762 978 886 1037 abiectis
913 979 1001 1056 legit:
1034 972 1108 1037 ‘nam

100 1064 351 1141 quemadmodum
383 1083 433 1124 eas
465 1066 544 1125 solas
578 1069 608 1124 et
641 1070 794 1142 separatas
822 1067 861 1125 ab
889 1067 1025 1125 aedilicio
1053 1085 1106 1124 non

101 1153 270 1229 possedisti,
292 1154 333 1212 sic
351 1173 406 1212 nec
424 1172 515 1229 penes
534 1158 564 1213 te
584 1154 721 1230 singulae
741 1157 794 1213 aut
812 1158 972 1231 separatae
991 1156 1105 1214 fuerunt

102 1242 329 1303 cohaerentibus
351 1243 398 1300 his
421 1244 453 1300 in
476 1237 631 1302 aedilicio?

598 1416 614 1479 l

190 1530 242 1595 52.
271 1529 310 1594 D.
332 1530 387 1614 50,
409 1530 556 1612 16,117.
606 1529 695 1593 Idem
728 1527 784 1615 (sc.
814 1528 1001 1617 Iavolenus)
1027 1532 1096 1594 libro
1124 1537 1127 1543 '

100 1640 186 1683 nono
206 1618 440 1702 Epistularum.
462 1653 499 1664 -
522 1618 596 1683 Non
613 1623 712 1701 potest
728 1619 826 1683 videri
845 1619 961 1686 ‘rninns
979 1615 1096 1685 soloisse'

100 1709 142 1789 is,
164 1709 309 1788 inanem
332 1707 494 1788 amplioris
516 1727 654 1772 sannae
676 1709 755 1772 actio
778 1728 841 1772 non
863 1712 1009 1791 competit.

520 1961 628 2022 Liber
651 1962 686 2021 X.

470 2071 519 2136 De
542 2038 734 2137 testamentis.
787 2131 791 2137 .

188 2187 239 2253 53.
271 2186 310 2250 D.
331 2186 387 2269 50,
408 2187 463 2269 17,
484 2188 556 2251 201.
606 2186 695 2250 Idem
723 2184 781 2274 (sc.
809 2185 995 2273 Iavolenus)
1024 2185 1089 2250 libro

97 2276 220 2340 decimo
252 2275 482 2358 Epistularum.
515 2313 559 2321 -
592 2275 719 2358 Omnia,
753 2297 830 2357 qnae
867 2298 904 2340 err
937 2278 1090 2342 testamento

94 2367 344 2447 proficiscantnr,
377 2366 423 2428 ita
454 2370 569 2428 statnnr
601 2372 721 2429 eonrtns
752 2367 893 2446 rapiant,
926 2369 955 2431 si
984 2366 1089 2430 initian

98 2475 214 2534 qnoque
236 2455 302 2518 sine
324 2454 398 2516 nitio
420 2455 557 2535 ceperint.

459 2630 508 2694 De
530 2633 597 2695 inre
618 2632 743 2695 datinrn.

185 2746 236 2810 54.
269 2745 307 2810 D.
336 2745 393 2827 45,
419 2748 453 2828 1,
478 2747 549 2810 108.
605 2746 693 2810 Idem
727 2744 783 2833 (so.
807 2744 991 2833 Iavolenus)
1023 2746 1092 2810 libro

96 2832 217 2897 decimo
241 2835 472 2918 Epistularum.

186 2934 208 2981 1.
237 2924 269 2987 A
294 2924 376 2987 Titio
399 2925 445 2987 ita
472 2924 636 3005 stipniatns
662 2945 748 2989 snrn:
779 2924 820 2988 ‘si
842 2947 906 3007 qna
929 2925 1008 2990 rnilei
1028 2942 1091 3004 nnp

93 3011 180 3089 serit,
211 3013 309 3076 11111111
336 3014 415 3077 dotis
442 3013 507 3076 eins
534 3014 656 3076 nornine
678 3015 752 3076 dare
774 3012 938 3094 spondesi'
983 3030 1093 3096 praae-

95 3101 198 3184 batnr,
221 3122 264 3164 an
286 3103 432 3165 consistat
454 3101 525 3166 talis
548 3102 714 3182 stipulatio.

183 3189 369 3270 Respondit:
402 3191 431 3254 si
453 3191 616 3270 stipulanti
638 3191 715 3253 rnilri
738 3191 792 3254 dos
810 3191 856 3254 ita
868 3194 1026 3272 promissa
1044 3193 1092 3254 est:

94 3271 325 3359 ‘qnamenrnpne
351 3299 476 3342 nnorenr
504 3281 629 3357 11111111,
657 3279 737 3343 dotis
764 3280 829 3343 eins
856 3282 980 3345 nonrine
1008 3281 1091 3344 decern

93 3369 168 3430 dare
198 3366 369 3450 spondest’,
401 3367 481 3431 nibil
513 3370 547 3432 in
578 3388 673 3433 cansa
703 3373 758 3451 est,
791 3389 886 3450 qnare
913 3390 950 3434 ea
970 3367 1091 3451 pecnnia

93 3457 265 3520 condicione
302 3457 420 3536 expieta
455 3478 517 3520 non
553 3457 710 3533 debeatnr;
752 3478 827 3521 narn
864 3478 934 3522 11111
971 3455 1090 3521 eandm

92 3545 186 3607 etiarn
221 3565 258 3607 ea
293 3546 425 3608 incertae
457 3566 607 3626 personae
641 3547 723 3626 facto
750 3567 861 3628 parere
894 3548 1090 3628 oblipationen
