2422 3976
96 117 161 182 368
200 115 233 172 V.
253 114 404 170 NERVAE
423 113 470 168 ET
488 113 641 169 TRAIANI
658 113 764 170 ΤΕΜΡ.
782 114 879 170 IURIS
898 114 1078 172 CONSULTI

95 279 238 364 scripsit,
266 281 463 343 testamento
490 278 573 342 liber
600 299 669 343 esse
697 278 818 362 iussus,
846 300 922 344 cum
951 300 1112 346 annorum

93 368 229 454 triginta
259 371 356 452 esset,
388 370 561 452 antequam
588 367 629 431 ad
657 389 729 432 eam
757 371 899 432 aetatem
926 369 1116 452 perveniret

95 458 124 523 si
145 459 180 520 in
203 456 372 521 metallum
396 456 568 521 damnatus
588 455 632 520 sit
650 477 687 520 ac
705 459 821 540 postea
838 463 1020 541 revocetur,
1043 459 1111 523 sine

95 544 297 611 dubitatione
329 565 401 609 cum
429 545 581 609 libertate
607 545 752 630 legatum
779 544 820 609 ad
848 567 921 611 eum
949 547 1110 630 pertinere

93 655 198 718 neque
224 634 433 699 metallorum
460 654 564 717 poena
591 633 641 698 ius
671 635 739 699 eius
766 633 900 718 mutari,
927 656 990 700 nec
1016 635 1114 718 aliud,

94 723 122 788 si
144 722 237 788 heres
261 727 347 788 esset
366 724 426 788 sub
446 722 633 787 condicione
652 722 836 806 institutum
859 722 1006 788 futurum
1025 723 1112 789 enim

94 833 166 877 eum
191 812 289 876 etiam
311 811 537 878 necessarium.

184 921 212 984 7.
235 918 275 984 D.
284 919 338 1002 40,
349 919 378 1000 7,
386 918 479 1000 29,1.
521 917 718 1002 Pomponius
741 917 826 983 libro
846 921 963 984 octauo
984 917 1110 985 decimo

94 1007 135 1071 ad
172 1007 329 1084 Quintum
363 1005 505 1072 Mucium
538 1002 588 1093 (P.
611 1003 702 1093 275).
737 1043 774 1054 -
810 1005 951 1082 Quintus
984 1005 1109 1074 Mucius

94 1096 222 1161 scribit:
246 1099 340 1180 pater
361 1095 504 1160 familias
522 1095 556 1158 in
575 1098 770 1160 testamento
790 1094 968 1180 scripserat
986 1095 1027 1161 ‘si
1043 1096 1107 1162 An·

95 1185 245 1251 dronicus
270 1206 382 1250 servus
406 1205 496 1249 meus
519 1182 630 1248 heredi
649 1205 722 1249 meo
742 1183 867 1249 dederit
885 1183 1006 1269 decem,
1028 1184 1106 1250 liber

93 1273 184 1339 esto’.
226 1273 338 1338 deinde
362 1272 400 1336 de
422 1272 474 1338 his
496 1272 590 1336 bonis
614 1276 765 1358 coeperat
783 1274 1006 1340 controversia
1024 1294 1102 1356 esse;

94 1362 150 1447 qui
178 1384 213 1427 se
241 1363 312 1446 lege
335 1361 485 1426 heredem
509 1361 616 1426 aiebat
639 1382 722 1442 esse,
749 1362 777 1425 ie
801 1382 873 1426 eam
895 1361 1100 1428 hereditatem

95 1451 136 1515 ad
160 1472 194 1516 se
216 1449 544 1535 pertineredicebat,
571 1451 666 1534 alter,
690 1450 745 1534 qui
767 1450 985 1516 hereditatem
1006 1449 1098 1536 possi·

94 1538 200 1623 debat,
218 1539 327 1604 aiebat
344 1543 539 1604 testamento
559 1560 593 1603 se
611 1538 762 1604 heredem
781 1559 859 1604 esse.
892 1539 1018 1606 οοπὺνα1
1035 1560 1097 1605 eum

95 1628 257 1692 sententia
280 1626 366 1693 dicta
384 1633 464 1712 erat,
487 1627 542 1713 qui
560 1630 758 1693 testamento
777 1627 887 1694 aiebat
905 1649 940 1694 se
959 1627 1096 1696 heredem

95 1736 174 1780 esse.
211 1715 326 1780 deinde
349 1717 554 1782 Andronicus
578 1717 760 1801 quaerebat,
783 1716 812 1780 si
834 1716 900 1801 ipsi
922 1716 1039 1805 viginti
1054 1714 1096 1779 de·

94 1803 208 1888 disset,
241 1804 395 1891 quoniam
428 1806 601 1870 secundum
634 1827 707 1870 eum
739 1805 901 1871 sententia
932 1805 1021 1873 dicta
1048 1807 1095 1880 est,

94 1892 264 1958 futurusne
288 1898 373 1958 esset
395 1893 478 1958 liber
501 1916 543 1958 an
565 1893 647 1959 nibil
669 1893 818 1959 videatur
842 1896 1019 1982 sententia,
1043 1912 1095 1980 qua

94 1981 186 2062 vicit,
214 1980 255 2046 ad
278 2004 349 2046 eam
372 2004 441 2047 rem
464 1982 591 2047 valere?
638 1983 829 2069 <respondit
850 1983 991 2068 valera>
1034 2003 1094 2069 qus·

93 2075 228 2156 propter
251 2070 279 2135 si
303 2071 420 2157 viginti
440 2071 553 2136 heredi
574 2071 694 2156 scripto
714 2071 855 2137 dedisset
874 2077 908 2137 et
926 2094 979 2138 res
998 2075 1095 2140 contra

93 2181 314 2242 possessorem
346 2159 487 2224 iudicata
519 2167 617 2244 esset,
648 2161 741 2224 illum
774 2161 808 2224 in
842 2162 1000 2227 servitute
1030 2161 1095 2225 iore.

93 2247 203 2313 Labeo
235 2249 309 2329 hoc,
342 2248 427 2333 quod
456 2247 593 2324 Quintus
621 2249 746 2314 Mucius
780 2249 904 2332 scribit,
938 2251 988 2315 ita
1017 2249 1096 2335 putat

94 2360 205 2401 verum
229 2359 307 2418 esse,
333 2338 360 2401 si
383 2359 417 2400 re
440 2360 517 2403 vera
539 2338 611 2422 lege
635 2339 675 2402 ab
700 2339 852 2402 intestato
877 2337 973 2404 heres
997 2340 1056 2404 fuit
1074 2335 1096 2399 is

94 2427 149 2508 qui
176 2427 266 2509 vicit,
296 2449 373 2491 nam
401 2426 429 2489 si
452 2426 570 2490 iniuria
593 2426 706 2490 iudicis
729 2427 834 2491 victus
858 2431 945 2492 esset
969 2430 1096 2512 scriptus

94 2538 187 2579 verus
211 2515 304 2580 heres
329 2537 367 2578 ex
390 2519 596 2598 testamento,
620 2514 722 2579 nihilo
742 2516 849 2580 minus
868 2538 943 2581 eum
963 2517 1096 2601 paruisse

94 2605 277 2669 condicioni
302 2604 332 2668 ei
354 2603 460 2667 dando
484 2607 517 2667 et
539 2605 674 2668 liberum
698 2604 776 2668 fore.
822 2604 878 2668 sed
903 2607 1097 2671 verissimum

94 2695 152 2773 est,
169 2693 252 2774 quod
269 2698 301 2756 et
316 2692 428 2756 Ariste
444 2689 538 2757 Celso
553 2693 726 2776 rescripsit,
740 2713 835 2776 posse
849 2692 920 2756 dari
934 2694 1097 2778 pecuniam

93 2779 205 2844 heredi
235 2782 275 2845 ab
303 2781 473 2864 intestato,
506 2781 678 2845 secundum
707 2803 802 2866 quem
831 2784 997 2848 sententia
1024 2783 1099 2847 dicta

94 2872 153 2950 est,
176 2871 329 2952 quoniam
352 2870 405 2933 lex
424 2870 591 2934 duodecim
609 2870 795 2934 tabularum
814 2871 991 2954 emptionis
1011 2871 1098 2936 verbo

94 2979 222 3021 omnem
255 2957 481 3022 alienationem
513 2959 679 3042 complexa
711 2960 885 3042 videretur3
918 2982 987 3027 non
1013 2961 1099 3026 inter·

94 3068 177 3131 esse,
205 3068 268 3131 quo
297 3068 411 3131 genere
440 3047 575 3131 quisque
602 3047 749 3112 dominus
773 3047 842 3112 eius
864 3048 958 3113 fieret
981 3054 1015 3115 et
1035 3048 1098 3112 ideo

92 3136 179 3199 hunc
194 3157 319 3220 quoque
334 3156 373 3198 ea
387 3137 457 3220 lege
472 3136 639 3218 contineri,
654 3136 828 3200 secundum
838 3157 936 3221 quem
946 3136 1099 3204 sententia

93 3223 181 3288 dicta
204 3227 262 3306 est,
285 3227 318 3287 et
341 3224 478 3289 liberum
500 3224 645 3289 futurum
664 3247 745 3307 eum,
768 3225 823 3309 qui
842 3226 872 3290 ei
890 3225 1033 3292 dedisset
1054 3246 1099 3309 pe·

93 3314 231 3376 cuniam.
276 3312 361 3376 hunc
385 3316 507 3396 autem,
534 3312 566 3376 id
591 3318 641 3376 est
662 3335 882 3397 possessorem
906 3314 1098 3392 hereditatis,

166 3495 178 3539 1
200 3485 248 3540 Fl.
267 3485 424 3541 secundum.
