2422 3976
498 153 703 210 ammm
1016 157 1099 223 -ffis

625 240 634 252 Ι

106 314 1100 406 usmsnmimwmfflsamssum,

106 409 269 487 ubicumque
298 404 460 487 ‘respondi'
487 410 612 489 legitur,
639 411 670 469 id
697 412 776 487 quod
803 412 837 472 D.
854 414 905 490 24,
922 417 949 492 1,
964 415 1005 474 39
1034 413 1101 474 fieri

105 499 234 578 ridemus,
258 503 312 561 aut
334 499 370 559 11
388 498 500 558 Iuliani
521 517 663 576 responso
687 500 880 576 cogitandum
902 496 1100 562 11111111-

106 582 221 663 spondit'
250 588 451 663 scribendum,
478 588 551 647 item
578 589 615 647 11
642 607 713 649 uoce
738 588 793 648 illa
816 581 1023 667 ‘interrogavi'
1047 594 1101 650 ant

106 673 240 736 Iulianum
269 676 501 754 interrogavisse
528 680 583 736 aut
605 677 765 752 legendum
789 671 1009 756 ‘interrogavit'
1036 679 1101 739 veri

107 763 188 826 simile
214 768 276 844 est,
302 768 339 825 ut
368 767 539 842 fragmento
568 765 613 824 illi
640 783 678 825 nc
706 784 800 843 aequo
828 767 896 841 plus
924 766 1100 845 tribuamus,

108 855 256 914 carendum
279 854 327 915 sit.

181 943 219 1004 II.
233 943 266 1004 L.
273 943 429 1004 Minicium
437 942 587 1017 Natalem,
597 943 635 1002 11
644 961 734 1018 quem
742 942 904 1002 Traianum
913 943 1101 1019 rescripsisse

110 1025 238 1106 Ulpianus
257 1032 334 1092 libro
353 1031 412 1090 VH
431 1031 468 1091 11
486 1031 583 1091 officio
601 1031 788 1108 proconsulis
806 1032 900 1091 refert
918 1026 967 1109 (D.
980 1035 1099 1109 s,12,9

111 1108 198 1180 ‘iliius
221 1121 369 1181 Traianus
391 1119 512 1180 Minicio
534 1119 639 1179 Natali
666 1119 820 1197 rescripsit
846 1120 938 1180 ferias
965 1121 1101 1180 111111-

113 1205 314 1270 111111111111
331 1209 461 1288 negotiis
480 1209 552 1268 dare
569 1209 765 1284 vacationem,
783 1227 819 1268 11
836 1212 947 1285 autem,
966 1228 1041 1286 quae
1061 1210 1101 1268 11

59 1374 61 1379 Ι
111 1291 280 1374 disciplinam
303 1297 464 1358 militarem
484 1296 644 1375 pertinent,
667 1299 759 1358 etiam
776 1297 894 1357 feriatis
913 1297 1017 1357 diebus
1035 1316 1102 1373 per·

59 1438 62 1457 ,
113 1386 216 1461 agenda,
234 1387 315 1448 inter
332 1405 408 1463 quae
427 1385 630 1447 custodiarum
649 1405 768 1463 quoqne
787 1386 987 1462 cognitionem
1001 1381 1102 1466 esse'),

113 1477 308 1542 proconsulatu
338 1476 387 1538 vel
418 1475 604 1551 proconsulis
636 1475 702 1535 vice
730 1476 867 1534 functum
893 1475 985 1534 fuisse
1012 1474 1102 1534 facile

59 1608 65 1629 ·.
113 1568 226 1637 Nimi·

181 1653 236 1714 HL
259 1653 293 1713 L.
312 1652 450 1713 Minicius
468 1652 595 1729 Natalis,
619 1652 702 1712 ouius
725 1652 757 1711 in
777 1652 1023 1728 inscriptionibus
1041 1652 1103 1713 illis

59 1736 61 1741 ’
113 1741 205 1802 menso
236 1742 285 1819 fit,
321 1744 463 1818 utroque,
494 1744 530 1800 ut
560 1739 693 1818 videtur,
729 1740 809 1800 bollo
841 1741 950 1801 Dacico
982 1742 1102 1819 legatus

112 1817 218 1904 legionis
247 1830 375 1890 alicuius
402 1830 474 1906 fuit,
506 1829 586 1889 circa
614 1848 640 1889 a.
662 1830 723 1889 105
752 1829 870 1907 legatus
898 1830 1024 1906 legionis
1057 1829 1104 1889 III

115 1909 250 1994 Augustae
270 1911 304 2000 (i.
323 1938 348 1978 s.
362 1909 546 1998 Numidiae),
565 1937 591 1978 1.
614 1920 676 1978 106
696 1917 745 1978 vel
765 1921 827 1979 107
847 1936 915 1978 cum
934 1917 968 1989 Q.
985 1918 1101 1978 Licinio

114 1995 245 2068 (1111111
261 2009 365 2068 oonsul
379 2009 528 2083 suffectus,
541 2009 612 2083 post
625 2008 736 2083 alos,
750 2007 866 2067 seilicet
877 2010 948 2083 post
962 2006 1101 2079 Plinium,

111 2105 222 2164 quocum
240 2096 374 2156 amicitia
391 2096 512 2156 videtur
530 2096 705 2156 coniunctus
725 2096 816 2155 fuisse
831 2088 920 2175 (Plin.
936 2114 981 2171 ep.
999 2099 1027 2169 7,
1039 2087 1103 2174 12),

111 2187 215 2244 durator
233 2185 312 2247 alvei
331 2185 448 2245 Tiberis
467 2188 499 2244 11
515 2184 650 2260 riparum
668 2186 700 2243 11
718 2186 886 2243 cloacarum
904 2184 997 2260 urbis,
1019 2184 1101 2261 lega-

110 2267 149 2330 tus
164 2292 218 2350 pro
237 2278 374 2349 praetore
392 2273 563 2349 provinciae
583 2272 752 2332 Pannoniae
771 2273 930 2348 inferioris,
948 2271 1103 2330 Hadriano
1188 2331 1190 2337 ,

106 2359 238 2440 principe,
259 2363 319 2422 1111
338 2381 363 2423 a.
381 2365 442 2422 119
458 2363 506 2422 vel
523 2364 595 2435 120,
612 2362 773 2438 proconsul
790 2360 960 2437 provinciae
974 2360 1102 2418 Africae.

105 2445 191 2509 lilium
222 2450 331 2510 habuit
361 2451 394 2511 L.
416 2450 569 2510 Minicium
601 2450 742 2509 Natalem
779 2452 968 2526 quaestorem
1003 2448 1103 2508 candi-

104 2534 200 2598 datum
217 2538 365 2598 Hadriani
382 2539 460 2618 Aug.
485 2542 515 2598 et
538 2539 642 2598 eodem
659 2542 793 2613 tempore
813 2537 893 2613 apud
910 2540 1027 2613 patrem
1046 2537 1104 2613 leg.

102 2642 177 2699 prov.
200 2626 322 2687 Africae
344 2628 512 2688 dioeceseos
535 2625 800 2705 Carthaginiensis,
823 2628 928 2686 1127
953 2626 1105 2685 consulem

100 2716 262 2776 suffectum

182 2804 249 2864 Iam
271 2805 343 2880 quin
360 2804 499 2864 Minicius
517 2805 645 2880 Natalis,
668 2804 704 2863 11
728 2821 787 2881 quo
811 2802 939 2863 secundo
960 2805 1025 2863 loco
1045 2803 1105 2863 dixi

96 2888 173 2951 idem
206 2893 247 2953 sit
276 2896 367 2970 atque
395 2893 429 2952 L.
455 2892 595 2952 Minicius
622 2892 741 2952 Natalis
768 2895 869 2970 pater,
896 2891 1029 2952 dubitari
1056 2892 1106 2952 vix

97 2983 204 3055 potest.
253 2981 396 3042 Karlowa
422 2981 484 3058 Ip.
506 2984 577 3042 701.
613 2980 695 3039 Buhl
721 3001 751 3057 p.
771 2982 821 3042 55.
871 2999 968 3057 neque
997 2981 1106 3040 idonea

97 3070 172 3130 ratio
200 3069 321 3130 videtur
348 3089 412 3130 esse
440 3089 499 3147 qua
525 3069 599 3129 iuris
625 3069 757 3144 peritum
781 3069 867 3128 illum
891 3070 1018 3129 eundem
1041 3086 1104 3127 esse

98 3161 185 3234 atque
212 3157 369 3218 Minicium
394 3159 534 3218 Natalem
560 3176 712 3236 negemus.
761 3177 831 3218 nam
862 3159 943 3235 quod
968 3157 1105 3230 Krueger

99 3242 116 3304 l.
133 3265 156 3307 1.
180 3247 238 3307 ait:
266 3239 340 3306 ‘Nur
369 3247 416 3306 dia
443 3247 588 3306 1111111111
616 3246 667 3305 111
694 3246 866 3306 Verfassers
894 3238 946 3328 (de
973 3244 1059 3304 libris
1086 3263 1106 3302 a

99 3329 217 3395 Minicio
240 3335 328 3396 editis
352 3353 447 3396 sermo
469 3328 528 3416 est)
549 3335 761 3395 11111111...
785 3335 902 3394 Konsul
924 3334 976 3393 des
994 3333 1023 3392 J.
1038 3334 1104 3392 107

99 3419 233 3485 Minicius
242 3423 362 3484 Natalis
376 3424 470 3485 hietat
483 3423 531 3483 die
543 3423 711 3485 Gisichheit
723 3424 774 3483 des
785 3422 1104 3484 (ieschlechtsnamens

98 3507 203 3573 lsinen
231 3513 427 3590 gentgenden
454 3507 588 3590 Anhalt',
615 3512 691 3571 illud
718 3511 925 3589 opponendum
952 3513 1011 3570 est:
1041 3529 1103 3570 nou
