2422 3976
101 173 163 237 118
182 173 228 234 HI.
240 172 316 229 GAII
327 171 472 227 CLAUDII
481 169 616 228 NERON.
627 170 772 227 GALBAE
783 170 891 228 ΤΕΜΡ.
900 169 998 227 luins
1008 170 1086 228 CONi

241 370 291 436 De
312 371 505 452 adquirendo
527 375 557 436 et
577 371 747 437 omittendo
764 370 966 455 possessione.

186 495 216 560 9.
248 492 288 559 D.
302 495 355 578 41,
371 497 399 576 1,
414 494 466 559 55.
515 494 670 561 Proculus
698 494 784 561 libro
813 493 953 560 seeundo
980 492 1086 577 Epistu

97 584 212 647 lerum.
236 619 280 628 -
300 582 339 647 In
361 583 520 666 laqueum,
544 605 638 668 quem
662 583 799 648 venandi
823 605 922 648 causa
944 601 1086 668 posueras

98 693 175 754 aper
191 670 313 736 insidit
347 693 420 736 eum
441 693 480 736 eo
499 672 654 756 haereret,
678 674 862 756 exemptum
881 693 956 736 eum
975 669 1082 736 abstuli

96 782 174 824 num
201 760 264 824 tibi
286 758 398 824 videor
419 763 512 825 tuum
536 783 650 846 aprum
673 758 871 825 abstulisse?
909 764 942 824 et
964 760 1086 824 situum

97 853 192 932 putes
220 847 333 931 fuisse,
361 849 389 912 si
417 850 559 914 solutum
587 871 661 914 eum
687 849 721 914 in
744 849 862 914 silvam
886 847 1086 927 dimississem,

96 959 134 1001 eo
167 958 244 1002 casu
275 940 349 1002 tuus
382 958 452 1002 esse
485 937 621 1003 desisset
652 959 694 1002 en
726 935 893 1002 maneret?
944 941 979 1002 et
1009 953 1086 1022 quan

97 1026 255 1091 actionem
281 1047 405 1091 meeum
428 1026 580 1110 haberes,
609 1027 636 1090 si
660 1026 797 1091 desisset
819 1030 896 1091 tuus
920 1045 1003 1112 esse,
1027 1040 1086 1088 nun

95 1115 130 1178 in
153 1114 276 1180 factum
300 1114 370 1179 deri
395 1120 571 1200 oporteret,
594 1136 723 1199 quaero.

184 1203 379 1287 Respondit:
403 1204 544 1285 loqnenm
567 1204 723 1269 oidmmns
744 1223 783 1268 ne
800 1203 921 1268 intersit
938 1203 974 1268 in
984 1198 1086 1286 pom

100 1313 143 1356 on
171 1293 205 1356 in
228 1293 352 1374 pricoto
372 1295 532 1374 posuerim
559 1297 599 1371 et,
626 1293 656 1357 si
677 1293 712 1357 in
730 1293 854 1375 priooto
872 1293 978 1374 posni,
1003 1293 1086 1355 nnn

94 1382 130 1445 in
158 1402 222 1445 meo
245 1402 288 1445 on
310 1382 345 1445 in
367 1381 481 1464 oiiem,
509 1387 551 1466 et,
578 1383 607 1447 si
629 1382 664 1445 in
686 1381 801 1465 otierco,
828 1384 936 1445 ntrnm
952 1377 1086 1463 ponem

94 1471 164 1534 eins
190 1470 278 1534 enine
303 1469 421 1549 flendus
447 1475 514 1534 erot
535 1491 578 1534 on
599 1490 663 1534 non
679 1470 836 1552 permissu
857 1470 924 1535 eins
941 1464 1086 1550 posuerint¹

90 1562 250 1640 praetereo
277 1563 383 1622 ntrnm
410 1559 445 1622 in
470 1579 502 1622 eo
525 1559 571 1623 ito
593 1559 724 1624 noeserit
745 1579 833 1643 oper,
859 1563 896 1622 nt
916 1557 1049 1640 expedire
1066 1564 1086 1613 St

94 1666 157 1710 non
172 1647 273 1728 possit
289 1647 362 1730 ipse,
385 1667 428 1711 on
446 1648 564 1712 dintins
583 1648 724 1712 inetundo
742 1647 938 1729 enpeditnrns
955 1666 988 1712 se
1001 1637 1086 1728 suerii

94 1754 247 1798 sommam
275 1739 377 1799 tomen
403 1734 483 1799 none
505 1741 581 1817 pnto
608 1756 682 1818 esse,
708 1740 757 1820 nt,
783 1736 812 1800 si
838 1735 873 1800 in
901 1755 1000 1800 mecm
1020 1731 1086 1812 poio

94 1827 201 1886 statem
216 1824 361 1908 peroenit,
378 1843 462 1888 meaos
478 1824 580 1905 foetos
597 1826 647 1890 sit.
687 1824 738 1889 sin
756 1828 857 1888 annm
875 1844 990 1906 oprnm
1006 1830 1086 1887 mend

91 1908 227 1992 fortiam1
256 1913 290 1976 in
316 1932 409 1977 soom
435 1913 611 1978 naturalem
640 1913 799 1978 toritatem
825 1913 996 1978 dimisisses
1019 1914 1086 1976 err

92 2000 174 2079 socto
201 2019 285 2065 mens
312 2021 373 2066 esse
399 2001 535 2083 desisset,
562 2003 710 2066 actionem
737 2001 816 2065 mihi
838 2001 873 2065 in
893 2000 1013 2077 fuctum
1033 1999 1086 2064 dor

94 2094 242 2174 oportere,
278 2091 372 2154 oeinti
405 2093 584 2171 responsum
615 2096 671 2170 est,
708 2111 777 2155 enm
808 2091 937 2172 qnidam
963 2087 1086 2172 poenior

95 2178 223 2242 alterins
245 2198 283 2242 erc
304 2199 381 2242 noce
403 2179 541 2244 eiecisset.

181 2288 362 2364 Pomponius
396 2289 524 2365 Ulpiano
561 2292 637 2349 teste
669 2290 705 2351 D.
730 2291 785 2363 41,
811 2291 843 2366 1,
867 2291 910 2348 44
947 2285 979 2348 in‘
1014 2277 1086 2348 simil

95 2378 266 2452 quaestione
291 2379 409 2438 Proculi
436 2379 535 2437 verbis
563 2379 671 2438 utitur:
701 2371 868 2456 ‘cogitabat
891 2421 897 2437 .
918 2423 926 2437 .
950 2398 1039 2456 quem
1065 2389 1086 2431 a

94 2465 214 2525 modum
248 2471 330 2526 terre
361 2467 495 2543 merique
523 2470 625 2544 eapte,
658 2486 726 2526 cum
758 2468 789 2525 in
818 2484 904 2526 suem
938 2465 1086 2526 naturalet

95 2554 247 2666 iax’itetem
265 2559 472 2633 pervenerant,
492 2555 662 2616 desinerent
680 2575 782 2615 eorum
801 2574 866 2614 esse
881 2555 934 2632 qui
953 2557 1086 2632 ceperunt

96 2646 139 2700 rte
194 2693 199 2704 .
245 2691 251 2701 .
293 2691 299 2703 .

175 2663 315 2792 indis&
332 2735 359 2808 3,
380 2735 408 2806 6,
428 2735 468 2793 45
499 2728 588 2792 ‘retia
611 2727 742 2809 epreria’
765 2733 859 2793 fundo
883 2732 1028 2793 contineri
1050 2729 1086 2790 air

185 2832 235 2896 10.
268 2831 307 2897 D.
324 2834 355 2914 4,
370 2834 399 2915 3,
414 2834 465 2898 31.
515 2834 669 2900 Proculus
697 2835 780 2899 libro
809 2835 949 2900 seeundo
977 2833 1086 2924 spisse

95 2919 211 2984 larum.
239 2956 281 2966 —
311 2921 389 2987 Onm
417 2923 486 3006 qnis
505 2925 698 3005 persuaserit
721 2924 862 3004 fomiiioe
888 2943 985 3007 mooe,
1012 2926 1086 2987 nto

89 3010 281 3090 possessione
304 3012 438 3096 decedet,
460 3014 609 3093 possessio
633 3014 754 3094 qnidem
777 3033 839 3077 non
862 3014 1029 3094 omittitnr,
1054 3024 1086 3074 se

93 3098 129 3160 de
157 3099 225 3162 doio
248 3100 329 3164 moio
354 3101 503 3165 indicium
527 3102 561 3165 in
583 3123 651 3166 enm
674 3103 826 3185 competit,
852 3102 979 3184 siquid
999 3101 1086 3166 domn

93 3185 172 3250 miti
193 3190 354 3252 occesserit.

181 3280 303 3341 Pernioe
330 3274 384 3359 112,
404 3285 466 3343 229
496 3303 524 3342 n.
545 3285 577 3344 5:
608 3277 673 3342 ‘der
700 3282 885 3344 SehluIssatz
913 3273 1086 3346 verweohse]

93 3369 292 3429 ansoheinend
316 3371 454 3431 accedere
478 3371 539 3430 und
563 3371 694 3431 accidere
719 3365 782 3432 ...⁹

166 3544 179 3591 1
201 3539 248 3595 Fi.
267 3540 365 3596 ferum.
