2422 3976
340 191 365 240 6.
388 183 596 240 IAVOLENUS
615 183 762 240 Pnlscus
989 185 1055 251 459

98 354 211 434 legatis
236 357 267 414 et
290 353 325 413 de
348 353 414 413 iure
437 354 561 425 dotium,
585 353 713 413 secando
733 354 769 413 de
787 354 935 430 emptione
954 354 1057 416 vendi·

79 463 120 503 »ne
135 443 221 519 dixit,
235 443 326 520 idque
340 443 477 519 inprimis
492 442 528 500 de
537 442 714 502 hereditatis
724 443 904 505 venditione.
938 443 1056 521 reliquo.

79 535 155 592 serta
178 535 260 593 sunt.

473 673 582 732 Liber
605 673 629 733 1.

453 790 503 856 De
526 793 641 875 leyatis.

131 919 158 982 1.
183 915 222 980 D.
236 918 289 1001 31,
305 915 354 980 10.
392 914 563 984 Iavolenus
581 917 664 980 libro
681 917 786 1000 primo
802 939 840 981 ex
854 916 994 981 Plautio.
1009 955 1051 964 -
1140 935 1142 939 ’

79 1026 119 1070 rm
139 1005 261 1086 fundus
282 1006 468 1069 nominatim
491 1005 606 1088 ieaatus
623 1007 672 1088 sit,
694 1008 723 1069 si
742 1007 819 1087 quid
835 1007 948 1088 sipost
964 1011 1053 1071 testa-

79 1099 178 1159 mtum
208 1095 327 1172 factum
358 1095 510 1159 admotum
541 1098 597 1172 est,
628 1095 663 1158 id
692 1115 809 1175 quoque
840 1095 936 1177 ieaato
968 1096 1054 1179 cedit,

79 1184 162 1249 amsi
188 1183 246 1246 illa
271 1183 363 1248 aerbo
390 1183 508 1246 adiecta
534 1202 597 1246 non
624 1184 688 1247 sint
715 1181 781 1264 ‘qui
808 1183 998 1267 meuserit,
1024 1186 1054 1249 si

79 1274 128 1338 nio
156 1275 279 1335 testator
305 1292 373 1335 eam
394 1275 519 1352 partem
544 1292 608 1335 non
635 1273 804 1354 separatim
825 1273 974 1354 possedit,
1000 1275 1056 1338 sect

79 1361 236 1426 tiaersitati
252 1360 371 1441 prioris
391 1360 487 1440 fundi
509 1361 661 1424 adiunxit.

129 1450 159 1513 2.
184 1448 222 1514 Ι).
236 1449 288 1532 21,
304 1450 333 1530 2,
347 1448 399 1514 58.
435 1447 607 1513 Iavolenus
626 1449 710 1512 libro
730 1449 833 1532 primo
853 1471 892 1513 ex
912 1448 1050 1514 Plautio.

79 1576 83 1584 ·
105 1538 207 1602 Heres
224 1557 341 1601 sanum
363 1558 426 1601 non
448 1538 633 1601 nominatim
656 1539 787 1620 leaatnm
805 1539 934 1602 tradidit
951 1536 1054 1620 (man-

79 1629 118 1691 n'o
143 1625 263 1708 amite)
284 1630 314 1689 et
334 1627 370 1690 eie
391 1626 459 1690 dato
480 1628 670 1708 repromisit;
687 1632 796 1709 postea
818 1647 923 1692 seram
941 1628 1054 1692 evictus

79 1721 88 1780 ἓ.
136 1736 224 1798 aaere
250 1735 319 1778 cnm
346 1714 450 1779 herede
477 1714 644 1797 lanatarius
671 1737 709 1780 eu
737 1720 909 1780 testamento
931 1717 1053 1800 poterit,
1152 1767 1155 1775 .

79 1805 181 1869 amois
202 1803 287 1867 neres
308 1803 444 1867 alienum
468 1823 528 1868 esse
549 1823 671 1868 seruum
692 1805 887 1886 irroraverit.

129 1893 160 1958 3.
188 1891 227 1956 D.
243 1892 294 1975 34,
310 1893 340 1964 2.
356 1895 385 1956 8.
431 1891 520 1955 Idem
549 1889 608 1978 (sc.
630 1889 764 1979 Paulus)
793 1894 876 1957 libro
902 1915 987 1957 nono
1011 1893 1051 1958 ad

79 1981 215 2046 satim.
246 2017 283 2026 -
314 1980 472 2044 Plautius.
518 1981 632 2044 mulier
660 1980 707 2045 ita
730 1981 865 2066 legavit:
895 1981 1052 2065 ‘quisquis

79 2070 120 2134 Lhi
149 2069 244 2132 heres
272 2069 348 2147 erit,
376 2069 481 2132 Titiae
505 2073 629 2132 vestem
653 2092 756 2132 meam
780 2069 933 2133 mundum
959 2092 1052 2134 orna-

79 2162 213 2242 tntaque
242 2157 412 2221 muliebria
440 2158 574 2221 damnas
600 2163 668 2221 est-o
693 2156 789 2224 dare'.
842 2157 972 2222 Cassius
997 2158 1051 2240 ait,

92 2268 161 2311 non
189 2250 371 2330 appareret,
401 2246 477 2330 quid
505 2247 674 2328 sensisset,
702 2269 829 2310 omnem
857 2251 979 2311 vestem
1003 2269 1051 2311 se·

79 2336 177 2400 ndum
194 2334 292 2399 verba
306 2335 493 2398 testamenti
508 2335 650 2418 legatam
664 2336 774 2399 videri.
807 2336 937 2399 Paulus.
966 2335 1052 2399 idem

79 2424 210 2489 solenus
248 2423 372 2505 scribit,
408 2425 483 2504 quia
518 2424 682 2488 uerisimile
716 2430 772 2506 est,
808 2424 926 2507 inquit,
963 2433 1051 2488 testa-

79 2534 145 2579 eern
160 2516 280 2576 tantum
295 2517 544 2576 ornamentorum
559 2514 752 2577 universitati
764 2515 927 2597 deroaasse,
942 2512 1052 2594 aniius

79 2602 291 2683 *nifieationem
319 2601 513 2665 muliebrium
536 2603 802 2678 acearmnodasset;
831 2601 1051 2685 accederem,

79 2690 122 2755 od
152 2689 210 2753 illa
237 2688 469 2753 demonstratio
498 2688 690 2753 ‘muliebria'
716 2712 818 2772 neque
842 2690 925 2753 vesti
947 2711 1050 2773 neque

79 2778 162 2844 mdo
191 2778 346 2861 applicari
375 2778 465 2841 salva
493 2779 616 2842 ratione
643 2780 723 2842 recti
752 2779 910 2841 sermonis
933 2782 1051 2861 potest.

125 2876 158 2940 4.
181 2872 220 2938 D.
236 2875 288 2955 32,
304 2876 355 2938 77.
391 2873 564 2939 Iavolenus
583 2876 665 2938 libro
680 2875 785 2958 primo
800 2897 838 2938 ex
853 2874 992 2940 Plautio.
1007 2912 1051 2924 —

79 2985 118 3118 r?
143 2965 192 3116 int
206 2963 417 3028 substitutione
444 2964 542 3046 ieaata
568 2969 753 3046 repetuntur,
781 2964 932 3029 libertates
957 2966 1052 3028 etiam

79 3075 91 3118 n
105 3073 177 3118 rnen
192 3073 239 3117 ur.

402 3158 452 3223 De
474 3159 542 3223 iure
563 3160 688 3223 dotium.

126 3273 158 3340 5.
182 3272 220 3337 D.
237 3274 287 3357 12,
304 3273 334 3352 4,
351 3273 401 3338 10.
438 3273 609 3337 Iavolenus
628 3273 712 3337 libro
731 3273 835 3356 primo
855 3294 893 3335 ex
911 3271 1050 3336 Plautio.

79 3399 82 3407 ·
105 3362 143 3428 Si
164 3363 276 3427 mulier
299 3365 327 3426 ei
348 3363 400 3427 eati
421 3367 559 3444 nuptura
581 3366 647 3426 erat
663 3383 732 3426 cum
750 3364 848 3427 etatem
865 3363 940 3424 dare
957 3359 1050 3438 neitet,

79 3452 200 3516 cuniam
217 3472 295 3534 quae
312 3451 372 3516 sibi
389 3451 549 3515 debebatur
567 3456 720 3532 acceptam
732 3451 806 3530 fecit
817 3471 911 3531 neque
924 3451 1052 3531 nuptiae

79 3545 191 3604 secutae
212 3545 293 3622 sunt,
315 3544 390 3603 reete
412 3540 450 3603 ab
474 3561 506 3623 eo
523 3542 657 3621 pecunia
675 3540 858 3625 sancticetur,
879 3540 958 3620 qiua
973 3538 1063 3600 niun
