2422 3976
432 194 457 243 δ.
481 187 620 244 SEXTUS
638 187 769 245 Pnolus
1063 190 1106 256 95

178 352 235 417 44.
259 350 364 432 D.,43
376 350 427 430 19,
437 352 508 428 3,.2
556 350 717 436 Ulpianus
740 352 824 416 libro
848 356 1110 506 septuagensimo

92 441 130 505 ad
153 441 300 506 edictum
323 401 374 527 (P.
392 401 583 542 155711).-
538 439 640 504 —Si
663 441 736 525 quis
759 441 800 504 ab
824 447 899 506 auct
900 464 955 506 ore
980 465 1051 508 meo
1075 445 1108 508 vi

93 534 146 594 aut
173 531 261 595 clam
290 532 348 593 aut
374 531 518 612 precario
546 551 623 593 usus
651 532 714 611 est,
742 534 827 594 recte
856 553 876 595 a
903 553 954 596 me
982 532 1036 597 via
1058 532 1107 596 uti

94 618 287 704 prohibetur
315 621 348 682 et
374 617 528 682 interdict
514 622 584 681 tum
612 617 643 681 ei
670 617 785 682 inutile
814 622 876 703 est,
904 620 981 703 quia
1008 643 1028 685 a
1054 643 1107 686 me

94 708 218 772 videtur
253 707 286 770 vi
319 707 370 770 vel
402 707 485 771 clam
518 708 569 770 vel
597 707 743 790 precario
771 707 951 792 possidere,
983 709 1040 792 qui
1067 710 1107 775 ab

97 801 224 861 auctore
254 816 326 859 meo
350 793 467 859 vitiose
490 795 643 878 possidet
687 817 766 860 nam
789 798 823 859 et
845 794 963 861 Pedius
962 798 1109 900 scribit,

98 885 122 948 si
146 887 180 949 vi
208 886 266 948 aut
292 885 375 947 clam
399 888 456 947 aut
477 884 623 967 precario
647 885 687 948 ab
711 905 748 948 eo
773 885 817 948 sit
839 906 933 968 usus,
960 885 993 948 in
1017 887 1108 951 cuius

99 972 200 1038 locum
223 972 387 1036 hereditat
388 973 479 1036 evel
502 970 706 1056 (bonorum)
728 972 894 1074 emptione
918 935 1024 1038 ciliove
1045 996 1110 1058 quo

101 1061 161 1125 iure
175 1061 327 1143 successi,
345 1061 430 1125 idem
444 1082 513 1125 esse
529 1060 696 1126 dicendum
716 1063 801 1142 [oum
817 1062 903 1125 enim
918 1064 1111 1128 successerit

105 1150 166 1232 quis
188 1151 222 1215 in
246 1149 355 1215 locum
379 1171 499 1235 eorum,
518 1171 656 1234 aequum
675 1171 739 1214 non
758 1153 809 1213 est
826 1171 888 1215 nos
907 1151 1016 1215 noceri
1038 1151 1110 1236 hoc,

106 1238 178 1322 quod
205 1238 359 1303 adversus
388 1260 460 1302 eum
488 1260 553 1303 non
581 1238 704 1320 nocuit,
732 1238 766 1303 in
789 1238 879 1303 cuius
902 1237 1011 1304 locum
1041 1262 1110 1306 suc-

109 1326 273 1408 cessimus}

182 1437 264 1509 Quae
282 1438 368 1498 uncis
387 1439 540 1516 quadratis
559 1439 676 1516 inclusi,
700 1439 822 1499 Pernice
843 1439 978 1499 eiciendo
996 1443 1105 1501 censet.

182 1528 217 1586 cf.
239 1526 335 1586 Lenel
358 1527 391 1587 P.
414 1528 453 1586 ad
475 1528 504 1587 h.
518 1529 537 1587 l.

458 1696 537 1766 Quod
554 1699 587 1767 vi
602 1702 652 1753 out
669 1698 747 1753 clam

183 1806 235 1870 45.
259 1804 506 1889 ι).43,24,1,.6
551 1805 709 1890 Ulpianus
733 1806 817 1871 libro
842 1808 1105 1909 septuagensimo

121 1889 199 1969 primo
226 1893 268 1958 ad
295 1855 436 1959 edictum
457 1857 638 1981 '.‘(P1592).
662 1931 705 1942 -
750 1897 814 1961 .si
841 1896 913 1980 quis
941 1897 1005 1961 iaot
1006 1919 1027 1960 u
991 1898 1104 1961 tvel

121 1977 219 2046 minimi
251 1982 357 2066 lapilli
389 1983 572 2084 prohibitus
603 1984 709 2048 facere
741 1984 960 2067 perseveravit
990 1985 1104 2068 facere,

122 2060 183 2134 hunc
210 2092 338 2157 quoque
369 2072 402 2135 vi
431 2071 544 2136 fecisse
572 2072 673 2137 videri
701 2073 879 2137 Pediust
846 2078 879 2137 et
905 2072 1105 2158 Pomponius

125 2157 251 2224 scribunt.

403 2264 448 2318 De
465 2264 523 2319 doli
540 2266 608 2318 mati
626 2263 801 2334 exceptione?

190 2372 241 2438 46.
273 2372 314 2437 D.
333 2372 379 2436 44
379 2372 487 2456 4„5,
504 2373 534 2436 4.
585 2373 705 2438 Paulus
737 2374 820 2438 libro
849 2374 1109 2458 septuagensimo

125 2453 206 2531 pu'mo
230 2460 270 2524 ad
294 2460 434 2526 edictum
454 2460 504 2546 (P
515 2458 663 2548 792).-
684 2461 719 2527 si
742 2485 853 2527 servus
877 2463 978 2526 veniit
1001 2462 1111 2545 abeo,

127 2543 163 2606 cui
183 2547 241 2614 hoc
270 2548 419 2613 dominus
447 2550 652 2633 permisit,
635 2551 835 2615 etredhibit
821 2555 874 2615 tus
900 2552 944 2615 sit
967 2551 1110 2633 domino,

128 2637 212 2714 agenti
242 2637 405 2702 venditori
433 2637 472 2701 de
499 2641 602 2720 pretio
631 2642 776 2723 exceptio
805 2640 979 2724 opponitur
1006 2638 1111 2702 redhi-

124 2711 247 2807 bidonis,
283 2727 398 2791 licet
389 2749 454 2790 1am
487 2728 515 2791 is
547 2728 602 2812 qui
634 2727 778 2792 vendidit
809 2728 939 2792 domino
972 2727 1110 2879 prettium

128 2809 247 2897 ιοιιιιιι,
278 2835 355 2879 num
386 2816 485 2880 etiam
518 2816 633 2881 mercis
664 2837 728 2879 non
757 2817 894 2881 traditae
923 2816 1111 2900 exceptione

127 2862 321 2968 summov'etur
349 2906 383 2968 et
410 2906 464 2988 qui
492 2905 660 2988 pecuniam
690 2904 858 2970 domino'
848 2927 913 2969 iam
942 2906 1050 2987 solvit,
1078 2909 1111 2969 et

126 2978 207 3053 ιιιο’
198 3013 224 3056 1s
247 2991 303 3075 qui
328 2991 473 3057 vendidit
496 2995 564 3078 agit
587 2993 739 3058 adversus
763 2993 934 3058 dominum.
977 2953 1110 3058 eandem

84 3132 88 3139 .
126 3088 230 3144 ιιιιιιιιι
258 3102 329 3145 esse
357 3080 473 3146 Pedius
503 3083 548 3146 ait
575 3082 656 3161 eius,
687 3082 741 3166 qui
768 3082 935 3168 negotium
962 3089 1110 3148 nostrum

125 3178 214 3241 gerens
238 3168 389 3234 vendidit.

292 3343 325 3398 Si
343 3345 389 3398 coi
405 3345 469 3413 plus
487 3362 569 3415 quam
584 3362 635 3414 per
653 3346 734 3415 leuem
752 3345 919 3401 Falcidiam.

192 3452 241 3517 47.
267 3451 309 3518 Ι).
328 3454 380 3537 35,
399 3454 428 3527 3,
447 3454 477 3533 3,
496 3457 526 3519 2.
563 3453 723 3539 Ulpianus
746 3455 829 3520 libro
849 3478 883 3520 se
884 3454 1111 3540 uptagensimo

79 3548 191 3613 {nono
205 3540 245 3604 ad
259 3504 398 3607 edictuin
414 3539 464 3630 (P.
477 3539 657 3628 1.715¹’)-
675 3541 734 3607 si
724 3566 757 3608 ιιι
772 3545 880 3627 plures
895 3542 962 3607 dies
976 3542 1114 3627 pecunia
