2422 3976
456 185 733 243 ADDITAMENTA.

389 366 449 447 Qui
471 366 636 431 arbitrium
658 367 808 448 receperit.

185 491 256 555 156.
302 490 342 556 D.
363 491 395 573 4,
418 493 448 574 8,
471 490 500 554 6.
547 489 646 554 Gaius
669 490 751 553 libro
775 489 888 573 quinto
904 489 949 553 ad
969 488 1105 552 edictum

94 580 301 663 provinciale.
327 615 365 625 —
396 628 430 643 ..
458 579 556 642 etiam
586 577 624 642 de
654 599 688 642 re
719 577 821 661 patris
853 578 971 641 dicitur
1002 577 1104 641 filium

96 668 238 732 familias
271 667 429 732 arbitrum
461 688 530 731 esse
559 688 669 751 posse,
701 689 778 730 nam
805 670 839 730 et
865 666 1006 730 iudicem
1033 685 1104 729 eum

94 778 167 821 esse
190 777 285 838 posse
309 755 469 838 plerisque
493 755 608 837 placet.

187 852 260 917 157.
278 852 318 917 Ι).
328 853 358 935 4,
369 851 398 935 8,
408 852 460 917 30.
486 852 605 916 Paulus
620 852 704 916 libro
720 851 816 916 tertio
831 851 955 917 decimo
971 851 1012 915 ad
1028 850 1107 915 edic-

96 947 175 1006 tum.
203 978 245 986 -
276 940 310 1005 si
339 940 409 1026 quis
438 963 518 1022 rem,
548 941 586 1004 de
610 962 674 1024 qua
696 940 964 1024 compromissum
989 940 1047 1021 sit,
1073 939 1106 1002 in

95 1028 248 1095 iudicium
272 1029 416 1113 deducat,
439 1029 569 1112 quidam
593 1029 704 1093 dicunt
725 1033 907 1112 praetorem
926 1050 994 1093 non
1012 1029 1107 1091 inter·

96 1118 203 1182 venire
228 1116 268 1180 ad
291 1118 467 1201 cogendum
495 1118 650 1181 arbitrum
676 1118 869 1182 sententiam
894 1116 1011 1201 dicere,
1034 1121 1107 1202 quia

97 1208 162 1270 iam
198 1227 303 1288 poena
340 1228 405 1271 non
441 1209 550 1288 potest
586 1227 655 1270 esse
689 1208 784 1290 atque
817 1205 845 1269 si
882 1206 1027 1270 solutum
1059 1208 1111 1268 est'

96 1295 371 1378 compromissum.

462 1390 511 1456 De
532 1392 742 1456 iureiurando.

189 1505 273 1571 158?
319 1504 357 1568 D.
383 1507 433 1585 12,
452 1507 482 1590 2,
500 1507 552 1570 22.
594 1505 714 1571 Paulus
737 1506 820 1570 libro
845 1503 1099 1570 octavodecimo

96 1595 139 1658 ad
168 1595 315 1659 edictum.
341 1630 379 1641 —
405 1593 541 1670 Quidam
572 1603 603 1659 et
631 1595 669 1659 de
691 1594 816 1678 peculio
841 1594 1003 1658 actionem
1026 1593 1099 1657 dan·

99 1683 172 1746 dam
187 1682 220 1746 in
235 1683 409 1767 dominum,
424 1684 452 1746 si
467 1684 634 1748 aetorit
581 1683 634 1746 det
636 1683 734 1747 ulerit
748 1703 857 1747 servus
871 1680 1098 1746 iusiurandum.

486 1849 536 1915 Dc
558 1850 715 1934 reiipiosis.

190 1965 261 2031 159
307 1964 377 2030 Gai.
400 1966 479 2044 2,.7
509 2002 547 2012 —
605 1967 668 2030 .in
690 1965 881 2049 provinciali
905 1966 976 2030 solo
1000 1967 1099 2050 placet

100 2054 260 2138 plerisque
284 2055 388 2118 solum
416 2015 602 2138 religiosum
625 2077 691 2119 non
714 2055 792 2135 fieri,
818 2053 894 2137 quia
917 2055 953 2118 in
976 2075 1014 2118 eo
1037 2053 1098 2117 solo

100 2142 276 2206 dominium
300 2143 410 2226 populi
433 2142 570 2206 Romani
594 2146 642 2206 est
628 2143 716 2206 tvel
736 2141 892 2224 Caesaris,
915 2163 976 2206 nos
1000 2147 1096 2205 auten

100 2231 336 2313 possessionem
378 2235 505 2294 tantum
542 2232 593 2294 vel
634 2232 868 2295 usumfructum
904 2231 1024 2295 habere
1060 2230 1095 2290 vi·

100 2320 219 2383 demur.

417 2407 466 2472 De
488 2408 786 2488 compensationibus,

192 2532 261 2595 160
308 2530 376 2594 Gai.
399 2532 430 2615 4,
454 2532 504 2595 66.
530 2568 571 2577 —
617 2533 703 2595 ..in
727 2531 1021 2632 compensationem
1043 2529 1093 2591 hoc

102 2620 205 2682 solum
237 2624 331 2684 voca
333 2643 369 2683 ur
398 2620 482 2706 quod
512 2581 652 2683 eiusdem
683 2620 810 2704 generis
835 2622 867 2681 et
892 2623 1024 2682 naturae
1046 2619 1092 2695 est,

124 2708 314 2771 ..adeout
300 2708 524 2815 tquibusdam
543 2708 671 2790 placeat
690 2729 755 2771 non
773 2709 861 2771 omni
880 2708 977 2770 modo
996 2707 1091 2769 vinum

102 2817 174 2895 eum
198 2797 273 2860 vino
298 2802 353 2859 aut
362 2784 518 2860 triticum
539 2818 609 2860 cum
630 2796 738 2860 tritico
759 2796 1026 2879 conpensandum,
1047 2790 1090 2856 sed

101 2883 148 2946 ita
173 2884 199 2946 si
224 2884 365 2947 eiusdem
388 2888 523 2948 naturae
547 2885 683 2968 qualitat
650 2886 774 2968 aisque
799 2885 850 2948 sit.

511 3051 560 3116 De
573 3053 700 3240 peculio.

193 3176 263 3239 161.
309 3173 1086 3259 1111111.111111111111011111111
1136 3129 1138 3147 Ι

100 3284 186 3326 nono
220 3264 258 3326 ad
291 3264 438 3328 edictum.
473 3301 510 3309 -
570 3263 799 3328 ..Marcellus
832 3265 916 3348 apud
949 3264 1085 3328 Iulianum

101 3355 159 3414 not
161 3373 217 3414 ans
242 3352 338 3415 adicit
324 3356 455 3434 tposse
479 3314 615 3435 fierit
579 3357 615 3416 ut
639 3353 722 3436 apud
747 3353 793 3416 alt
779 3357 882 3416 terum
908 3376 947 3417 ex
969 3346 1085 3416 dominis

103 3460 212 3502 servus
240 3441 399 3522 peculium
427 3441 543 3505 habeat
530 3442 668 3525 t,apud
702 3443 748 3505 alt
751 3464 840 3505 erum
864 3464 942 3523 non,
969 3444 1003 3504 ut
1020 3440 1133 3538 pute

103 3527 129 3587 si
158 3528 203 3589 alt
189 3532 238 3590 ter
269 3551 306 3591 ex
334 3529 473 3593 dominis
505 3529 645 3594 furiosus
675 3530 717 3594 sit
704 3530 796 3594 tvel
824 3531 974 3615 pupillus,
1004 3529 1034 3609 si,
1057 3524 1133 3585 ui’
1126 3578 1133 3633 ,

1125 3636 1138 3748 1
