2422 3976
386 181 411 231 6.
434 172 642 231 IAVOLENUS
660 173 809 230 PRISCUS
1038 172 1104 240 441

506 336 557 403 De
581 338 695 422 lanatis.

453 459 501 518 De
522 460 615 533 funda
637 460 748 533 leuato?

183 569 214 636 5.
237 542 279 636 D.
293 569 346 651 33,
361 570 390 652 1,
408 571 456 634 11.
492 567 663 633 Iavolenus
678 568 761 633 libro
776 567 916 633 secundo
932 590 971 632 ex
985 565 1107 634 Cassio.

95 694 135 707 -
158 658 283 725 Eadem
305 658 387 723 ratio
409 658 505 723 estin
522 656 640 741 nuilus,
661 677 740 739 quae
757 657 793 721 in
810 657 923 722 insulis
941 657 1110 723 maritimis

96 748 322 903 mirsam.
341 840 378 900 a.
398 842 427 916 r,
449 840 476 916 1,
496 841 525 915 9,
545 841 564 899 s
584 830 639 919 (11,
659 841 675 897 1
696 860 725 915 p.
743 830 820 919 ru).

468 999 516 1059 De
536 1016 618 1059 serra
641 1000 739 1073 leuata.

185 1102 216 1167 6.
240 1100 278 1165 D.
293 1101 346 1183 31,
360 1100 413 1166 37.
447 1099 619 1165 Iavolenus
640 1100 722 1165 libro
742 1099 847 1184 primo
866 1122 905 1164 ex
925 1097 1046 1164 Cassio.
1065 1134 1108 1146 —

99 1190 160 1273 Qui
191 1195 368 1256 testamenta
400 1190 551 1254 inutiliter
577 1190 789 1254 manumissus
815 1193 861 1254 est
886 1189 983 1272 leuari
1008 1189 1110 1253 eadem

98 1284 274 1346 uelamento
288 1282 394 1361 potest,
412 1280 487 1361 quia
506 1279 614 1343 latrem
631 1278 784 1360 efficacior
802 1282 846 1343 est
864 1277 987 1342 libertas
1005 1277 1111 1361 nanta,

97 1369 234 1453 madeus
256 1368 374 1434 utiliter
394 1368 469 1433 data
491 1371 541 1432 est.

518 1566 627 1626 Liber
649 1567 688 1628 H.

510 1685 560 1751 Da
583 1687 698 1769 leuatis.

470 1807 518 1865 De
539 1824 620 1866 seraa
643 1808 742 1881 leuata.

190 1916 220 1982 7.
243 1914 284 1981 Ι).
299 1915 351 1999 33,
365 1914 396 1998 5,
412 1916 462 1981 14.
499 1915 668 1981 Iavolenus
682 1917 767 1981 libro
782 1918 921 1982 seeundo
936 1939 974 1981 ex
990 1913 1111 1981 Cassio.

97 2038 144 2053 -
166 2004 214 2090 Si,
239 2025 311 2070 aum
334 2005 414 2087 aptio
436 2006 516 2069 serui
537 2025 574 2069 ea
595 2006 741 2071 uniuersa
760 2005 887 2086 familia
911 2006 1010 2089 leuata
1032 2009 1113 2084 esset,

100 2092 186 2161 lares
208 2094 342 2175 aliquem
359 2094 546 2174 priusquam
568 2098 724 2176 optaretur
746 2095 940 2176 manumisit,
963 2094 1006 2158 ad
1027 2093 1114 2157 liler-

102 2188 195 2249 tatem
217 2202 285 2247 eum
308 2182 433 2247 interim
450 2202 513 2246 nan
530 2182 680 2266 perdunt,
702 2203 824 2248 seruum
842 2188 944 2246 tamen
961 2202 1050 2263 quem
1067 2181 1113 2244 ita

102 2271 319 2339 mammaea
340 2271 463 2354 amitiit,
485 2272 611 2352 quiuis
633 2272 818 2336 antelmius
840 2271 936 2353 leuata
959 2271 1036 2335 cedit
1057 2274 1114 2334 aut

101 2360 224 2427 utinum
245 2364 318 2424 tuna
340 2359 415 2424 liber
437 2359 613 2424 ostmditur.

189 2447 220 2515 8.
248 2447 287 2513 D.
302 2448 354 2532 31,
369 2448 420 2513 38.
466 2448 554 2512 Idem
578 2446 637 2532 (sc.
660 2446 842 2534 Iavolenus)
866 2447 949 2511 libro
974 2446 1112 2512 secundo

107 2534 293 2604 excussio.
328 2572 366 2584 —
403 2536 491 2618 Quod
516 2558 621 2602 seruus
648 2538 763 2620 leuatus
789 2543 861 2602 ante
887 2538 1005 2601 aditam
1031 2535 1112 2600 luere·

105 2626 227 2693 mum
248 2626 408 2711 adquisiit,
429 2625 587 2690 hereditati
609 2627 755 2707 adquirit.

407 2790 454 2849 De
476 2793 684 2865 semipedalia
708 2793 806 2865 leuato.

188 2892 220 2957 9.
242 2890 282 2957 D.
293 2891 346 2975 33,
361 2891 391 2973 8,
408 2892 458 2956 ll.
492 2890 666 2956 Iavolenus
680 2891 765 2956 libro
782 2890 921 2955 secundo
936 2912 974 2954 ex
989 2888 1113 2956 Cassio.

107 3014 142 3027 -
172 2980 235 3061 Qui
259 2980 419 3062 peculium
450 2981 531 3045 serui
562 2982 723 3063 leuauerat,
756 2982 906 3044 iudicium
933 2981 1116 3043 eonomine

105 3073 265 3152 maduerat,
287 3069 396 3134 deinde
416 3070 586 3133 decesserat.
624 3070 745 3150 placuit
766 3089 829 3133 nan
851 3069 942 3133 aliter
959 3068 1114 3149 peculium

106 3176 140 3223 m
170 3177 266 3223 causa
299 3157 390 3239 leuati
412 3159 582 3240 praestari,
614 3178 709 3238 arram
737 3159 765 3222 si
792 3158 828 3222 de
855 3162 972 3239 accepta
1000 3156 1115 3220 iudicio

104 3242 203 3312 lteram
225 3251 387 3312 caueretur.

439 3339 486 3399 De
507 3340 651 3399 alimentis
673 3341 782 3414 leuatis.

193 3440 243 3506 10.
267 3439 307 3506 D.
322 3440 375 3522 34,
391 3442 419 3522 1,
434 3440 463 3505 6.
499 3438 670 3504 Iavolenus
688 3440 770 3506 libro
786 3440 955 3505 seeundo
939 3462 978 3503 ex
993 3438 1115 3505 Cassia.

107 3562 147 3577 -
169 3528 295 3613 Leuatis
322 3530 479 3594 alimmtis
506 3529 624 3594 salaria
650 3533 679 3595 et
702 3550 751 3594 ves
752 3530 825 3594 titus
847 3533 876 3594 et
898 3529 1050 3595 traditatis
1073 3530 1124 3590 du-
