2422 3976
427 163 452 214 9.
472 156 623 214 clamos
643 156 796 213 SABINUS
1053 158 1117 224 251

97 320 207 386 teneri
229 317 379 386 0001101ι
407 320 467 401 ait,
494 320 626 405 perinde
654 342 692 386 ac
720 321 748 386 si
770 321 962 387 nominatim
984 322 1118 388 morbus

96 413 255 495 exceptus
274 408 390 474 fuisset
408 408 463 490 [ad
482 430 537 474 eos
552 409 639 474 enim
654 410 786 475 morbos
800 411 942 495 vitiaque
956 412 1118 494 pertinere

95 497 244 565 edictum
266 497 419 562 aedilium
441 497 646 583 probandum
670 503 729 584 est,
755 520 836 583 quae
860 501 932 584 quis
955 500 1120 585 ignoravit

96 587 153 653 rel
175 588 330 672 ignorare
354 588 485 670 potuit].

188 677 220 741 4.
254 673 336 741 Geli.
350 674 382 760 4,
399 677 491 757 2,11.
508 712 545 723 -
562 675 611 741 De
626 697 742 761 myope
758 697 893 760 quoque,
908 677 962 760 qui
976 677 1119 743 luscitio-

97 786 155 830 sus
169 763 289 830 Latine
304 764 497 851 appellatur,
512 764 695 830 dissensum
709 768 772 850 est3
792 766 848 830 alii
862 767 947 829 enim
962 767 1118 831 rethiberi

95 853 288 919 omnimodo
316 854 446 933 debere,
474 855 532 919 alii
560 858 687 937 contra,
715 854 777 918 nisi
805 854 839 918 id
866 855 982 919 vitium
1004 856 1118 920 morbo

97 946 304 1008 contractum
328 945 422 1008 esset.
529 950 532 955 '

189 1030 233 1096 5?
264 1030 312 1096 Id.
331 1032 383 1097 12.
406 1068 448 1079 -
472 1031 557 1096 Eum
585 1080 619 1097 ..
648 1031 699 1096 cui
723 1031 801 1096 dens
825 1031 960 1113 deesset,
989 1030 1118 1097 Servius

95 1119 257 1185 rethiberi
283 1141 379 1204 posse
398 1120 581 1206 respondit,
603 1120 712 1186 Labeo
738 1121 773 1184 in
798 1142 896 1185 causa
920 1141 989 1184 esse
1012 1120 1118 1185 redhi-

97 1207 199 1274 bendi
221 1211 364 1293 negarit.
403 1231 480 1273 nam
503 1213 536 1273 et
557 1229 687 1294 magna,
709 1209 826 1294 inquit,
848 1230 925 1292 pars
949 1213 982 1273 et
1001 1230 1030 1292 q.
1049 1231 1074 1275 s.

189 1301 227 1361 V.
249 1320 342 1379 supra
363 1301 403 1376 H,
420 1307 436 1362 1
453 1323 482 1379 p.
498 1305 571 1364 143.

189 1404 235 1470 6⁸.
262 1403 310 1468 ld.
327 1403 357 1470 9.
378 1404 429 1470 10.
452 1441 495 1451 -
518 1404 567 1469 De
591 1404 703 1470 sterila
726 1453 756 1469 ..
779 1404 926 1487 muliere,
954 1403 983 1468 si
1005 1404 1118 1468 nativa

94 1493 276 1559 sterilitate
294 1493 346 1574 sit,
370 1492 560 1558 Trebatium
578 1498 692 1559 contra
710 1493 894 1558 Labeonem
912 1491 1117 1575 respondisse

95 1583 221 1648 dicunt
265 1603 342 1646 nam
370 1603 444 1647 cum
470 1582 628 1648 rethiberi
656 1605 728 1648 eam
750 1581 860 1647 Labeo
888 1580 982 1666 quasi
1010 1582 1117 1647 minus

97 1692 216 1736 sanam
231 1674 388 1754 putasset,
407 1691 544 1756 negasse
564 1671 656 1736 aiunt
674 1671 864 1736 Trebatium
882 1693 920 1734 ex
938 1669 1043 1735 edicto
1063 1671 1118 1754 agi

95 1781 207 1844 posse,
227 1759 256 1824 si
275 1780 313 1824 ea
331 1759 447 1824 mulier
467 1760 660 1844 aprincipio
675 1760 811 1845 genitali
830 1759 1004 1824 sterilitate
1023 1764 1117 1825 esset.

95 1852 134 1914 at
156 1848 188 1912 si
210 1847 358 1913 valitudo
383 1848 451 1912 eius
475 1849 662 1914 offendisset
683 1871 784 1932 exque
803 1871 841 1913 ea
861 1849 974 1912 vitium
992 1847 1117 1913 tactum

97 1940 201 2018 esset,
224 1941 262 2001 ut
284 1938 452 2021 concipere
474 1938 560 2002 fetus
583 1959 649 2002 non
672 1942 797 2021 posset,
820 1942 890 2003 tum
913 1959 1027 2000 sanam
1050 1959 1117 2001 non

97 2023 204 2090 videri
227 2029 260 2090 et
283 2047 352 2090 esse
375 2027 409 2090 in
434 2048 532 2091 eausa
553 2026 783 2091 rethibitionis.

190 2111 236 2179 bb.
268 2113 308 2179 D.
326 2115 379 2198 21,
400 2115 428 2197 1,
449 2116 499 2199 14,
518 2116 548 2180 3.
571 2151 614 2161 -
642 2114 801 2198 Ulpianus
828 2115 912 2179 libro
940 2114 1046 2197 primo
1076 2114 1116 2177 ad

95 2203 244 2268 edictum
274 2203 427 2267 aedilium
454 2204 612 2268 curulium
641 2201 689 2290 (P.
712 2202 836 2290 17602).
868 2239 906 2248 -
937 2203 984 2266 De
1013 2202 1116 2266 sterili

97 2290 231 2358 (laelius
251 2292 450 2376 distinguere
463 2291 651 2356 Trebatium
671 2292 757 2375 dicit,
771 2295 808 2356 ut
823 2293 850 2356 si
864 2295 981 2355 natura
994 2291 1116 2355 sterilis

99 2381 158 2466 sit,
182 2402 263 2445 sana
287 2381 343 2461 sit,
366 2381 395 2444 si
417 2381 496 2445 vitio
521 2384 678 2464 corporis,
701 2386 824 2446 contra.

190 2469 233 2533 77
256 2467 340 2535 Geli.
354 2470 384 2553 4,
398 2469 430 2551 2,
443 2470 539 2535 6-8.
563 2506 601 2517 -
627 2469 676 2534 De
704 2470 849 2535 eunucho
874 2516 908 2533 ..
933 2468 1117 2554 quaesitum

96 2562 159 2642 est,
183 2580 225 2622 en
248 2562 363 2623 contra
386 2558 526 2623 edictum
550 2559 701 2623 aedilium
722 2558 887 2623 videretur
905 2556 1117 2640 venundatus,

96 2647 128 2711 si
150 2649 338 2733 ignorasset
360 2651 498 2730 emptor,
521 2669 595 2712 eum
617 2648 797 2712 eunuchum
816 2668 896 2710 esse.
932 2646 1116 2710 Labeonem

98 2734 306 2820 respondisse
331 2735 435 2818 aiunt,
458 2736 616 2801 rethiberi
638 2757 734 2819 posse
758 2736 851 2819 quasi
874 2736 1072 2800 morbosum.

191 2824 221 2889 8.
244 2822 352 2908 D.21,
369 2825 509 2910 1,17,1ι
554 2823 713 2909 Ulpianus
736 2826 818 2888 libro
842 2826 946 2907 primo
971 2826 1011 2888 ad
1035 2824 1116 2889 edic-

94 2917 168 2978 tum
193 2912 348 2978 aedilium
371 2914 530 2978 curulium
554 2912 604 2997 (P.
620 2912 741 2998 17612).
768 2949 806 2960 —
833 2912 960 2978 Caelius
985 2962 1010 2978 ..
1033 2913 1116 2997 fugi-

97 3002 203 3067 tivum
235 3022 305 3066 esse
338 3002 385 3065 ait
415 3024 501 3084 eum,
535 3001 591 3086 qui
618 3024 656 3066 ea
683 3006 790 3066 mente
818 3003 974 3086 discedat,
1006 3024 1047 3067 ne
1076 3001 1116 3065 ad

95 3089 268 3157 dominum
296 3090 419 3173 redeat,
446 3091 577 3155 tametsi
600 3094 726 3154 mutato
751 3090 885 3156 consilio
910 3092 950 3155 ad
974 3113 1047 3154 eum
1069 3111 1116 3152 re·

95 3183 260 3262 vertatur3
282 3199 371 3244 neno
393 3181 473 3244 enim
491 3179 549 3245 toli
562 3184 692 3262 peccato,
710 3180 829 3264 inquit,
845 3181 1040 3263 poenitentia
1057 3197 1117 3242 sco

94 3287 209 3334 nocens
230 3287 293 3334 ecee
314 3269 434 3333 desinit.

187 3362 225 3422 cf.
246 3361 283 3421 D.
302 3364 354 3438 47,
374 3364 404 3440 2,
424 3365 466 3423 60
493 3362 643 3438 Ulpianus
674 3363 752 3422 libro
783 3362 881 3440 primo
914 3361 952 3421 ad
984 3359 1116 3418 edictum

171 3536 187 3585 1
207 3531 255 3586 ΓΙ,
274 3527 422 3587 Caecilius.
