2422 3976
217 159 244 208 8.
265 151 447 208 Vmerus,
466 183 501 193 -
520 159 544 208 9.
564 151 714 208 CAELIUS
733 151 888 209 SABlNUS
1013 155 1078 220 249

63 317 194 402 quidem
217 315 394 419 fugitivum
417 336 502 400 esse,
526 315 581 400 qui
604 316 638 380 in
660 316 722 382 hoo
744 337 937 402 progressus
960 321 1024 402 est,
1045 323 1083 384 ut

62 408 780 580 tetrante.“eutlinde
804 406 1083 599 &feltrini

63 606 98 650 se
121 583 331 666 ascendisset,
349 584 518 667 magisque
536 582 621 647 hunc
640 604 710 647 mor
712 586 779 647 tem
800 583 864 648 sibi
886 585 1082 651 consciscere

62 672 218 739 voluisse.
258 633 341 738 eliud
360 673 452 754 enim,
474 672 556 755 quod
570 672 752 754 pleramque
772 672 810 737 ob
828 673 1082 760 imprudentibus,

61 761 185 864 inquit,
211 761 275 826 dici
300 761 387 843 solet,
414 781 483 826 eum
505 780 567 827 esse
586 759 767 844 sopitivum,
794 762 849 843 qui
869 766 954 826 nocte
975 725 1084 846 eliqua

60 852 132 917 siae
157 849 313 915 eotenus
334 851 454 915 domini
475 851 665 933 ammosa,
693 871 759 914 non
783 871 852 914 esse
876 871 1001 936 verum,
1029 852 1084 916 sed

63 939 106 1006 ab
130 939 251 1005 affectu
274 938 375 1003 animi
398 939 554 1023 cuius'que
577 899 823 1004 aestiinandum.

156 1045 186 1110 7.
204 1043 245 1110 D.
254 1044 399 1125 1b1d.§b.
416 1081 454 1092 —
472 1043 563 1110 Idem
580 1043 806 1110 Vivianus't
760 1048 816 1130 art,
838 1046 866 1110 si
886 1067 905 1109 a
924 1045 1083 1130 magistro

63 1155 148 1220 puer
183 1133 318 1198 recessit
354 1138 387 1198 et
422 1155 535 1198 rursus
572 1132 611 1197 ad
644 1138 781 1199 matrem
813 1133 975 1218 pervenit,
1012 1157 1085 1199 cum

64 1226 284 1308 quaereretur,
307 1243 385 1286 num
402 1221 560 1307 fugitivus
580 1225 679 1287 esset:
704 1223 732 1287 si
751 1222 878 1288 celandi
897 1244 994 1288 causa
1012 1244 1085 1307 quo,

62 1333 106 1376 ne
131 1311 173 1377 ad
197 1309 365 1376 dominum
386 1314 612 1395 reverteretur,
635 1310 782 1396 fugisset,
805 1311 979 1396 fugitivum
1001 1333 1085 1394 esse;

63 1402 119 1466 sin
154 1420 233 1465 vero
270 1404 306 1464 ut
341 1420 399 1484 per
435 1404 572 1464 matrem
608 1399 788 1464 faciliorem
826 1399 1085 1484 deprecationem

63 1489 204 1555 haberet
226 1488 336 1553 delicti
359 1489 508 1572 alicuius,
531 1509 597 1552 non
621 1509 691 1554 esse
714 1488 898 1573 fugitivum.

129 1841 174 1926 9.
211 1845 285 1920 GN.
311 1845 567 1919 ARULDNUS
596 1846 795 1919 OAELIUS
825 1845 1025 1920 SABINUS

158 2026 217 2070 oos.
233 2010 299 2068 suff.
313 2027 339 2068 a.
356 2011 395 2069 69
421 2027 488 2068 oum
511 2010 544 2069 Τ.
568 2008 673 2070 Flavio
698 2007 807 2068 Sabino
832 2002 911 2088 (CIL
931 2009 1086 2070 V12051.

66 2099 137 2159 Tae.
155 2098 227 2158 hiet.
248 2101 276 2172 1,
294 2100 333 2158 77
358 2098 395 2157 cf.
413 2097 626 2174 Prosopogr.l
648 2117 677 2172 p.
694 2091 785 2176 156),
811 2091 986 2173 ‘plurimum
1012 2101 1087 2157 tem-

66 2186 195 2264 poribus
218 2185 398 2263 Vespasiani
419 2181 531 2262 potuit'
553 2179 710 2268 (Pompon
726 2184 746 2261 ξ
762 2180 828 2268 53),
852 2180 937 2245 ‘iuris
959 2181 1087 2263 peritus'

67 2267 252 2359 (oollae
269 2267 313 2356 1),
331 2275 383 2351 qui
402 2274 505 2335 Cassio
529 2276 672 2336 successit
695 2269 811 2354 (Pomp.
825 2276 845 2335 l.
860 2270 906 2356 e).
944 2275 1087 2335 laudatur

68 2384 87 2425 a
109 2364 202 2442 Gaio,
224 2364 379 2439 Venuleio,
402 2363 575 2440 Papiniano,
598 2363 737 2440 Ulpiano,
760 2368 917 2440 praeterea
939 2383 957 2422 a
981 2363 1087 2440 Gellio,

68 2457 102 2514 et
127 2455 174 2513 ita
197 2452 331 2531 quidem,
352 2456 402 2530 ut,
425 2471 491 2512 oum
515 2453 667 2512 Masurius
690 2452 818 2512 Sabinus
843 2452 935 2526 vulgo
959 2445 1086 2510 ‘Sabini'

69 2543 192 2603 nomine
216 2540 403 2619 designetur,
425 2543 490 2619 ipse
513 2537 658 2602 ‘Caelius'
680 2542 858 2601 nominetur.

160 2629 297 2690 Caelium
323 2634 355 2689 et
380 2630 467 2690 libris
495 2631 659 2690 scribendis
683 2649 804 2706 operam
827 2629 945 2688 dedisse
970 2631 1088 2688 constat

71 2723 103 2779 et
122 2721 161 2779 ut
183 2719 304 2778 scholae
325 2718 491 2795 principem
512 2720 544 2778 in
569 2719 775 2796 respondendo
795 2737 914 2795 quoque
931 2722 1087 2778 versatum

70 2827 137 2870 esse
159 2807 317 2885 probabile
341 2811 396 2886 est,
419 2826 599 2886 quamquam
621 2809 706 2866 nulla
729 2825 872 2885 responsa
895 2807 1006 2866 diserte
1024 2811 1087 2866 tra·

69 2899 195 2958 duntur.
239 2895 272 2955 in
293 2897 472 2974 fragmentis
496 2898 624 2957 servatis
647 2893 769 2956 Ofilium
792 2896 897 2956 laudat
919 2888 969 2977 (D.
989 2892 1041 2974 21,
1058 2898 1087 2973 2,

71 2989 128 3063 ee,
144 2977 203 3067 10)
237 2988 269 3044 a
295 2985 471 3045 rabanum
503 2976 554 3066 (n.
580 2989 630 3057 ιι,
658 2989 685 3061 1,
711 2988 761 3056 14,
785 2979 820 3067 3)
853 2989 885 3044 ec
916 2986 1088 3044 Labeonem

70 3067 167 3157 (oen
191 3077 222 3152 4,
245 3077 274 3134 2.
297 3077 324 3135 3.
348 3074 560 3151 cf.1>.21,1,
582 3076 703 3152 17,12.
725 3066 789 3155 15).
835 3077 992 3151 praeterea
1019 3092 1088 3132 cnm

70 3162 176 3225 Cassio
209 3162 246 3222 de
278 3163 356 3222 falsa
388 3163 558 3223 condicione
589 3163 817 3223 testamentaria
848 3162 927 3223 idem
960 3161 1087 3221 sensisse
1174 3226 1180 3239 .

68 3253 206 3314 meditor
228 3245 278 3330 (D.
294 3254 345 3327 35,
361 3254 390 3325 l,
406 3255 456 3325 12,
472 3245 516 3333 7).

162 3341 199 3400 In
235 3341 393 3401 sententiis
431 3340 494 3400 eins
530 3340 706 3418 colligendis
744 3340 786 3400 sic
823 3339 974 3400 existimo:
1011 3354 1088 3413 quae

71 3430 257 3492 Sabinianae
275 3430 394 3490 scholae
410 3430 653 3507 praeceptoribus
673 3429 841 3489 communia
859 3429 951 3487 fuisse
966 3426 1087 3485 tradun-

71 3523 138 3599 tur,
162 3519 268 3580 eadem
290 3518 391 3579 Caelio
415 3538 531 3596 qnoque
554 3519 713 3579 tribuenda
735 3536 808 3577 esse.
