2422 3976
458 174 481 223 t.
505 166 623 224 TssTUS
640 167 773 225 erleio

417 399 467 468 De
490 403 525 467 ia
547 421 612 468 rem
634 403 812 469 aetionihas.

196 527 251 593 42.
285 525 325 591 D.
344 527 397 609 26,
417 527 447 610 7,
464 529 516 592 61.
571 525 662 591 Idem
698 524 757 615 (so.
788 527 1001 618 Pomponius)
1035 532 1117 598 libro

120 615 285 693 vicensimo
312 614 536 701 Epistularum
564 613 613 703 (Ρ.
633 617 722 698 210).
746 655 788 665 -
812 618 909 702 Apud
932 619 1118 686 Aristonem

116 703 157 770 ita
177 704 334 790 seriptum
358 707 420 769 est:
443 706 525 786 qaod
545 706 637 787 maipa
660 707 770 772 tatoris
785 707 928 791 papillas
950 729 987 773 ea
1004 708 1119 776 heredi

114 797 169 860 tote
193 795 285 860 desiit
308 794 474 876 possidere,
501 795 567 859 aiae
589 796 761 859 aestimatio
784 797 819 860 ia
835 796 982 878 petitione
1003 796 1117 863 heredi·

112 885 179 950 tatis
200 886 268 950 eine
289 883 357 948 atla
379 883 568 948 dubitatione
588 883 658 965 fieri
680 884 794 949 debebit
816 887 870 965 ita,
892 887 921 950 si
937 886 1060 968 papilla
1082 888 1118 952 de

53 1044 56 1053 ,
109 971 266 1039 mediate
282 977 408 1038 cautam
425 973 474 1038 sit.
508 975 637 1037 cautum
658 977 765 1038 autem
784 995 854 1038 esse
871 974 999 1038 videtur
1014 974 1116 1040 etiam

109 1062 133 1127 si
158 1066 251 1128 tutor
277 1062 341 1126 erit
368 1061 516 1142 idoneus,
544 1084 564 1126 a
591 1082 654 1145 quo
683 1063 806 1127 servari
827 1062 933 1146 possit
954 1063 1001 1146 id,
1030 1064 1116 1148 quod

106 1152 248 1236 pupillus
272 1172 312 1216 ex
334 1150 402 1215 litis
425 1150 653 1215 aestimatione
676 1151 822 1216 subierit

192 1262 369 1339 Sequuntur
382 1263 470 1322 haee:
490 1255 553 1322 ‘sed
573 1262 599 1321 si
617 1264 702 1322 tutor
714 1262 855 1323 solvendo
872 1281 933 1323 non
947 1266 1001 1342 est,
1014 1262 1116 1323 viden·

105 1351 174 1412 dum
197 1353 267 1428 erit,
290 1355 392 1410 utrum
409 1397 416 1410 .
431 1396 439 1412 .
454 1344 473 1410 .'

189 1453 244 1519 43.
271 1451 504 1536 D.45‚1‚83,
526 1454 553 1516 1.
599 1450 719 1517 Paulus
747 1452 830 1518 libro
854 1455 1114 1538 septuagensimo

105 1542 243 1609 seeundo
262 1542 303 1606 ad
322 1540 463 1607 edietum
483 1537 533 1628 (P.
550 1538 639 1629 798).
658 1578 701 1588 -
721 1539 755 1606 si
774 1539 922 1606 Stichum
941 1542 1114 1626 stipulatus

104 1630 140 1697 de
163 1630 232 1697 alio
256 1629 404 1714 sentiam,
427 1633 463 1694 tu
485 1630 524 1695 de
543 1630 617 1714 alio,
640 1630 721 1696 nihil
741 1635 846 1696 aetum
865 1631 935 1699 erit.
977 1631 1063 1716 quod
1082 1635 1114 1697 et

103 1718 286 1785 iniudieiis
310 1716 423 1783 Aristo
448 1718 653 1784 existimauit.

190 1831 306 1891 Paulus
334 1830 433 1891 addit:
463 1824 527 1890 ‘sed
549 1831 598 1890 hie
620 1832 717 1908 magis
741 1835 799 1910 est,
827 1834 863 1892 ut
884 1833 910 1891 is
932 1833 1047 1910 pet'tus
1070 1833 1114 1894 vi·

101 1919 222 1997 deutur,
246 1919 283 1979 de
306 1939 365 1996 quo
389 1923 472 1979 actor
496 1912 611 1979 sensit'.

330 2110 380 2175 De
402 2111 593 2192 adquiremo
614 2130 719 2175 reram
740 2112 888 2177 dominio.

189 2234 242 2298 44.
271 2233 309 2300 D.
323 2235 376 2313 41,
394 2237 421 2319 1,
438 2235 487 2299 19.
533 2233 731 2318 Pomponius
758 2235 842 2300 lihro
870 2237 966 2300 tertio
991 2236 1031 2301 ad
1056 2234 1112 2300 Sa-

99 2323 214 2388 binum
239 2321 289 2407 (P.
307 2320 398 2410 414).
423 2323 586 2388 —Liber
614 2324 726 2404 homo,
754 2323 809 2408 qui
837 2324 921 2389 bona
948 2325 1009 2389 fide
1032 2325 1112 2389 mihi

100 2413 211 2496 servit,
236 2412 297 2493 [id]
323 2412 408 2496 quod
427 2434 466 2476 ex
485 2413 591 2496 operis
611 2414 677 2477 suis
697 2416 753 2476 aut
773 2434 810 2476 ex
830 2435 863 2477 re
883 2436 954 2477 mea
973 2417 1112 2496 pararet,

100 2502 140 2566 ad
163 2523 216 2566 me
240 2502 401 2585 pertinere
426 2502 494 2566 sine
513 2501 610 2567 dnbio
630 2501 740 2566 Aristo
760 2502 816 2584 eit,
840 2502 925 2584 quod
943 2524 1019 2566 vero
1040 2502 1111 2586 quis

99 2591 129 2655 ei
147 2590 318 2655 donaverit
336 2595 394 2655 aut
414 2612 452 2655 ex
470 2591 601 2674 negotio
621 2594 714 2673 gesto
734 2590 932 2673 adquisierit,
951 2591 1112 2672 adipsum

98 2680 271 2764 pertinere.
309 2679 364 2743 sed
382 2679 595 2745 hereditatem
614 2678 795 2757 legatumne
813 2699 879 2742 non
893 2677 1017 2761 adquiri
1032 2678 1111 2742 mihi

98 2790 158 2853 per
183 2789 265 2851 eum,
289 2768 363 2852 quia
382 2789 487 2853 neque
506 2789 545 2832 ex
563 2789 598 2831 re
615 2789 689 2832 mea
709 2769 826 2851 [neque
845 2789 883 2830 ex
903 2767 1010 2852 operis
1030 2768 1109 2848 suis]

96 2857 133 2922 id
160 2856 205 2922 sit
228 2878 287 2921 nee
310 2857 376 2920 ulla
400 2857 468 2922 eius
493 2878 592 2941 opere
615 2861 700 2921 esset
722 2856 758 2920 iu
780 2857 902 2940 legato,
929 2855 963 2920 in
985 2855 1110 2921 heredi-

98 2948 169 3011 tate
193 2945 409 3031 aliquatenus,
433 2946 509 3030 qnia
530 2967 589 3030 per
611 2946 716 3029 ipsum
741 2943 895 3029 adiretur,
919 2966 982 3029 quo
1005 2944 1057 3009 de¹
1078 2950 1112 3009 et

95 3032 237 3101 Varium
259 3031 428 3099 Lucullum
451 3033 622 3118 aliquando
643 3033 816 3117 dubitasse,
840 3033 894 3098 sed
913 3034 1020 3098 verius
1041 3055 1110 3096 esse

96 3145 167 3190 non
187 3122 323 3208 adquiri,
342 3123 472 3188 etiamsi
490 3125 629 3188 testator
648 3121 688 3187 ad
702 3144 754 3186 me
768 3121 925 3188 voluisset
938 3122 1109 3207 pertinere.

97 3212 156 3279 sed
183 3211 262 3276 lieet
290 3212 319 3276 ei
346 3211 421 3296 <oui
444 3212 584 3295 serviet>
611 3211 745 3276 minime
774 3211 928 3297 adquirit,
958 3213 1111 3294 attamen,

97 3302 129 3367 si
157 3301 309 3366 voluntas
338 3301 469 3366 evidens
492 3300 659 3366 testatoris
682 3305 851 3385 appareat,
880 3299 1110 3366 restituendam

97 3411 171 3456 esse
196 3390 226 3454 ei
248 3389 469 3456 hereditatem.

173 3551 188 3598 1
209 3545 257 3600 Fr.
276 3547 358 3614 quod.

844 3633 897 3681 25*
