2422 3976
340 193 365 238 4.
385 183 414 238 C.
429 181 574 236 clasma
592 181 778 238 LONGINUS
1024 181 1064 245 61

66 347 288 430 iusiurandum,
315 349 353 411 ut
380 347 418 410 de
445 345 517 431 ipso
546 348 714 410 contractu
739 345 903 428 eidone,
933 345 1060 409 nonde

66 458 188 519 persona
209 436 348 501 iurantis
371 440 531 519 ageretur.

138 548 220 618 Quae
238 547 358 622 inclusi,
376 546 499 606 Perniae
518 545 651 605 sioienda
669 546 794 606 monuit.
822 546 859 605 cf.
878 546 908 606 Z.
929 546 956 606 d.
977 546 1060 605 Sar.-

65 636 99 698 st.
119 637 178 697 XII
201 639 264 696 128
288 655 317 695 n.

138 825 186 883 De
207 823 441 896 simulationibus
462 837 612 880 seruorum
633 822 816 895 filiorumque
837 823 976 895 fumidus.

139 952 193 1017 97.
217 950 331 1031 (tata,
348 950 419 1014 103.
446 985 484 996 -
510 950 683 1014 ..inutilis
707 953 758 1014 est
781 949 958 1035 stipulatio,
981 950 1009 1014 si
1032 951 1062 1014 ei

60 1040 119 1106 dari
143 1041 345 1123 stipulemur,
368 1038 457 1103 euius
482 1038 545 1103 iuri
569 1038 706 1102 subiecti
729 1060 794 1102 non
819 1060 938 1102 sumus.
978 1038 1062 1102 unde

57 1128 131 1193 illud
166 1129 348 1212 quaesitum
387 1131 448 1211 est,
486 1127 514 1191 si
545 1127 617 1210 quis
651 1127 714 1190 sibi
750 1130 784 1191 et
816 1125 846 1190 ei
878 1126 968 1190 euius
1001 1126 1064 1190 iuri

58 1219 218 1283 subiectus
240 1239 306 1281 non
329 1219 393 1301 est,
416 1215 486 1280 dari
509 1215 693 1299 stipuletur,
714 1214 749 1278 in
773 1218 933 1299 quantum
956 1215 1064 1278 valeat

56 1305 233 1391 stipulatio.
282 1304 388 1370 nostri
416 1308 641 1388 praeceptores
669 1306 786 1387 putant
814 1304 849 1368 in
878 1303 1064 1367 universum

55 1395 161 1460 valere
190 1399 222 1458 et
250 1393 385 1479 proinde
413 1394 442 1457 ei
471 1392 534 1458 soli
561 1393 617 1477 qui
642 1392 816 1476 stipulatus
840 1392 897 1474 sit,
926 1392 1063 1457 solidum

55 1483 179 1564 deberi,
203 1485 299 1566 atque
323 1483 352 1546 si
375 1482 521 1546 extranei
543 1503 661 1546 nomen
683 1503 750 1546 non
774 1480 953 1546 adiecisset.

144 1571 199 1636 98.
225 1570 266 1635 D.
283 1571 338 1653 45,
356 1571 387 1653 3,
405 1571 479 1653 9,1.
511 1568 671 1653 Ulpianus
690 1569 773 1634 libro
793 1569 1064 1656 quadragensimo

57 1665 175 1726 octavo
203 1659 245 1724 ad
268 1657 421 1725 Sabinum
447 1656 496 1744 (P.
515 1654 640 1744 25920).
663 1696 705 1706 -
729 1657 778 1744 Si,
805 1681 878 1723 eum
906 1658 985 1724 duos
1009 1658 1065 1724 do-

54 1750 163 1814 minos
197 1770 309 1812 servus
341 1748 489 1832 haberet,
521 1748 694 1831 stipulatus
727 1748 824 1813 fuerit
855 1747 902 1811 illi
930 1750 987 1813 aut
1014 1747 1066 1812 illi

54 1837 137 1921 (ex)
162 1836 303 1902 dominis
331 1839 410 1920 suis,
443 1837 624 1922 quaesitum
658 1842 719 1920 est,
752 1859 794 1902 an
821 1837 979 1901 consistat
1009 1836 1065 1901 sti·

53 1927 190 2012 pulatio.
238 1923 370 1991 Cassius
396 1926 544 1990 inutilem
568 1947 637 1990 esse
660 1927 904 2010 stipulationem
927 1925 1066 2008 scripsit.

145 2015 197 2080 99.
231 2013 271 2079 D.
294 2015 352 2100 45,
376 2015 409 2095 3,
431 2014 484 2080 25.
544 2014 719 2079 Venuleius
756 2015 839 2080 libro
877 2014 1065 2079 duodecimo

57 2103 314 2188 stipulationum
335 2103 384 2189 (P.
400 2103 468 2188 69).
487 2140 529 2150 -
549 2101 583 2167 si
603 2125 713 2167 servus
734 2104 948 2168 hereditarius
968 2104 1067 2186 stipu-

55 2193 144 2256 latus
176 2192 277 2256 fuerit
309 2197 341 2256 et
371 2189 556 2274 sponsores¹
587 2192 747 2276 acceperit
776 2195 950 2276 posteaque
979 2193 1067 2256 adita

54 2280 157 2345 fuerit
179 2280 357 2364 hereditas,
383 2280 563 2363 dubitatur,
585 2284 694 2345 utrum
718 2304 758 2346 ex
781 2281 831 2345 die
854 2281 1066 2363 interpositae

55 2368 278 2452 stipulationis
315 2373 443 2453 tempus
480 2369 573 2433 aedat
610 2392 650 2434 an
685 2393 723 2434 ex
756 2369 844 2434 adita
874 2369 1067 2450 hereditate3

54 2459 136 2522 item
164 2458 192 2521 si
222 2479 332 2521 servus
360 2459 442 2542 eius,
470 2457 525 2542 qui
552 2458 636 2542 apud
665 2459 775 2523 hostes
799 2460 854 2541 sit,
883 2455 1067 2538 sponsores¹

57 2545 229 2630 acceperit
277 2552 310 2609 et
337 2544 469 2611 Cassius
501 2546 666 2610 existimat
696 2552 824 2630 tempus
852 2568 890 2610 ex
918 2566 956 2609 eo
985 2566 1069 2609 com·

56 2634 251 2719 putandum,
274 2656 313 2698 ex
336 2656 399 2720 quo
423 2634 476 2720 agi
496 2657 567 2700 oum
588 2635 634 2698 eis
652 2638 804 2719 potuerit,
828 2634 859 2697 id
878 2638 928 2698 est
946 2656 985 2698 ex
1004 2655 1068 2718 quo

57 2723 193 2788 ademar
218 2722 381 2787 hereditas
405 2730 462 2788 aut
483 2724 684 2809 postliminio
709 2723 856 2788 dominus
879 2726 1068 2787 revertatur.

149 2811 224 2876 100.
265 2810 303 2875 D.
326 2813 380 2894 45,
402 2813 432 2891 3,
456 2813 486 2877 6.
540 2812 737 2896 Pomponius
774 2812 856 2877 libro
893 2811 1068 2876 vicensimo

58 2904 152 2965 sexto
180 2899 221 2964 ad
251 2897 409 2965 Sabinum
437 2898 489 2985 (P.
506 2897 594 2988 726).
618 2937 660 2947 -
686 2899 801 2965 Ofilius
829 2904 913 2965 reete
942 2899 1070 2964 dicebat

57 2994 91 3053 et
117 2989 252 3072 fiduciae
273 3010 369 3054 aaran
393 2988 564 3071 mannaim
593 2990 777 3074 accipiendo
801 2990 852 3053 vel
878 3010 947 3054 eum
975 2990 1069 3054 eredi-

57 3083 122 3142 tore
154 3077 202 3143 vel
232 3098 301 3141 eum
328 3080 427 3144 ummo
458 3075 647 3143 eontractae²
673 3100 768 3162 posse
797 3077 858 3143 soli
887 3078 915 3142 ei
944 3077 1070 3161 adquiri

57 3165 116 3253 (se.
135 3187 195 3249 per
212 3187 341 3230 servum
359 3167 587 3251 communem),
607 3167 662 3250 qui
680 3167 787 3250 iussit3
806 3189 888 3251 quae
908 3165 1070 3231 sententia

58 3259 92 3320 et
115 3253 223 3320 Cassii
246 3258 279 3317 et
301 3253 414 3319 Sabini
437 3255 562 3321 dicitur.

132 3416 148 3463 1
168 3409 246 3464 Tris.
264 3409 450 3468 fideiussores.

131 3487 148 3534 2
168 3480 247 3536 Trio.
260 3499 312 3550 per
328 3481 509 3537 traditionem
526 3481 688 3552 accipiendo
707 3484 752 3537 vel
771 3482 935 3551 deponendo
951 3498 1072 3535 commo·

59 3551 219 3622 dandoque.
259 3551 408 3623 Pomponii
424 3555 505 3608 verbo
522 3571 540 3607 a
558 3554 669 3609 Lenelio
686 3556 812 3609 restituta
829 3554 964 3607 videntur.
