2422 3976
93 178 135 242 66
163 177 210 232 IIL
225 177 300 233 GAll
315 176 463 232 CLAUDII
475 175 610 232 NERON.
620 176 765 231 GALBAE
775 175 882 232 ΤΕΜΡ.
892 174 989 232 IURlS
998 174 1101 231 CONS.

94 364 134 406 ex
149 341 254 405 aliena
268 340 403 404 materia
418 340 555 422 speciem
567 338 710 421 aliquam
720 359 778 402 suo
787 337 917 403 nomine
927 337 1043 403 fecerit
1053 387 1060 403 .
1070 387 1077 402 .
1087 386 1104 418 .,

96 428 236 495 Sabinus
261 433 294 492 et
312 426 445 493 Cassius
468 427 573 512 magis
596 428 777 492 naturalem
800 427 960 491 rationem
978 425 1105 491 efficere

92 519 220 601 putant,
229 520 265 581 ut
275 517 329 600 qui
340 516 496 581 materiae
507 516 655 580 dominus
666 515 772 597 fuerit,
785 515 871 580 idem
883 515 952 579 eius
967 536 1104 600 quoque,

93 605 178 691 quod
211 627 250 669 ex
282 604 391 669 eadem
425 604 562 670 materia
593 605 716 669 factum
745 604 801 687 sit,
833 603 981 668 dominus
1009 607 1106 681 esset,

93 695 170 779 quia
194 695 265 758 sine
288 692 424 757 materia
446 694 537 758 nulla
560 693 682 777 species
707 692 790 757 effici
814 693 928 776 possit,
952 691 1056 756 veluti
1079 692 1107 758 si

95 805 133 848 ex
154 803 233 848 auro
254 781 304 846 vel
324 785 461 866 argento
480 782 531 845 vel
552 803 624 845 aere
642 779 744 865 <tuo>
763 801 820 846 vas
840 779 971 866 aliquod
989 781 1108 859 fecero,

93 873 146 936 vel
170 893 209 935 ex
231 871 352 935 tabulis
375 873 441 935 tuis
463 891 579 934 navem
603 873 659 934 ant
680 869 856 934 armarium
874 872 931 934 aut
950 869 1107 934 subsellia

93 959 214 1044 fecero,
241 959 293 1024 vel
321 983 360 1024 ex
387 960 463 1024 lana
490 962 546 1023 tua
568 959 809 1042 vestimentum,
835 957 950 1024 velex
972 957 1051 1023 vino
1075 961 1109 1022 et

94 1049 190 1113 melle
213 1053 269 1112 tuo
293 1048 449 1130 mulsum,
474 1047 526 1111 vel
549 1068 589 1112 ex
611 1047 853 1112 medicamentis
875 1047 941 1110 tuis
965 1045 1109 1130 emplas-

93 1141 180 1202 trum
209 1141 265 1202 aut
288 1136 469 1220 collyrium,
496 1137 547 1200 vel
570 1158 609 1200 ex
632 1135 703 1200 uvis
727 1139 785 1200 aut
807 1134 901 1200 olivis
926 1139 983 1200 aut
1005 1135 1108 1220 spicis

93 1228 158 1291 tuis
182 1225 295 1290 vinum
317 1225 369 1290 vel
393 1226 500 1289 oleum
523 1225 574 1288 vel
598 1223 804 1289 frumentum.

183 1355 219 1415 of.
244 1354 308 1414 cai.
330 1357 358 1430 2,
380 1356 420 1414 79
447 1359 477 1433 et
500 1353 644 1413 Sabinum
666 1352 734 1412 111
760 1373 789 1429 p.
805 1355 876 1413 556.

464 1568 514 1634 Do
531 1570 726 1652 possessione.

186 1704 257 1768 116.
279 1703 320 1768 D.
333 1703 387 1782 41,
400 1703 431 1786 2,
447 1705 476 1786 1,
490 1701 519 1767 5.
562 1702 680 1766 Paulus
703 1701 788 1766 libro
812 1703 1110 1788 quinquagensimo

95 1796 211 1876 quarto
235 1791 275 1855 ad
300 1790 437 1855 edictum
463 1789 512 1877 (P.
527 1788 615 1874 657).
636 1826 675 1836 -
696 1790 963 1875 ...adquirimus
981 1812 1110 1875 posses·

95 1883 220 1945 sionem
243 1901 301 1963 per
323 1901 451 1943 servum
475 1884 532 1943 aut
553 1879 663 1961 filium,
687 1879 741 1962 qui
760 1879 793 1943 in
812 1882 974 1963 potestate
994 1884 1055 1963 est,
1078 1886 1112 1946 et

96 1969 223 2053 quidem
246 1989 356 2032 earum
379 1988 499 2047 rerum,
526 1988 605 2051 quas
629 1968 836 2052 peculiariter
858 1971 986 2055 tenentp
1007 1970 1111 2034 etiam

95 2059 299 2142 ignorantes,
332 2056 414 2143 sicut
446 2054 568 2120 Sabino
601 2060 635 2120 et
666 2054 779 2121 (laesio
803 2104 837 2120 ..
862 2056 999 2139 placuit,
1034 2057 1112 2141 quia

95 2151 209 2211 nostra
232 2145 399 2210 voluntate
421 2144 654 2230 intellegantur
677 2145 850 2228 possidere,
874 2145 931 2229 qui
949 2145 996 2208 eis
1015 2167 1112 2228 pecu·

95 2235 176 2299 lium
199 2234 318 2298 habere
342 2234 588 2317 permiserimus.

185 2341 258 2405 117.
282 2339 320 2404 D.
334 2341 388 2418 41,
402 2341 432 2424 2,
448 2341 476 2424 1,
492 2340 542 2405 14.
584 2338 703 2403 Paulus
725 2337 804 2403 ibid.
826 2375 869 2386 -
892 2338 954 2403 Per
977 2360 1111 2406 servum

95 2431 149 2514 qui
173 2432 206 2493 in
228 2429 308 2512 fuga
331 2429 383 2511 sit,
406 2428 489 2492 nihil
511 2450 607 2512 posse
629 2449 689 2492 noa
708 2426 873 2511 possidere
891 2425 1002 2492 Nerva
1020 2429 1111 2494 filins

96 2520 164 2583 ait.
179 2566 186 2582 .
201 2518 462 2601 ,possessionem
485 2522 593 2581 autem
616 2538 673 2601 per
696 2538 768 2580 eum
788 2515 926 2601 adquiri,
949 2516 1034 2581 sicut
1053 2538 1111 2602 per

96 2628 150 2671 eos
166 2629 247 2691 quos
261 2606 294 2670 in
309 2605 477 2690 provincia
490 2605 656 2671 habemns.
688 2602 815 2670 Cassii.
830 2654 837 2669 .
852 2653 860 2668 .
873 2605 1036 2669 sententia
1051 2611 1111 2671 est.

186 2712 257 2777 118.
282 2711 321 2776 D.
334 2713 387 2795 41,
403 2713 432 2795 1,
450 2712 498 2776 11.
539 2711 723 2776 Marcianus
745 2711 830 2775 libro
853 2711 951 2776 tertio
974 2710 1113 2778 Institu-

96 2801 220 2865 tionum
245 2796 295 2886 (P.
310 2797 376 2887 79).
399 2837 444 2846 -
467 2799 615 2884 Pupillus
636 2804 790 2884 qnantum
815 2799 855 2863 ad
874 2799 1111 2884 adquirendum

96 2911 162 2954 non
189 2888 314 2973 indiget
339 2890 458 2954 tutoris
482 2888 690 2972 auctoritate,
719 2888 858 2952 alienare
881 2909 958 2952 vero
982 2889 1110 2954 nullam

96 2999 163 3041 rem
187 2980 295 3061 potest
322 2977 385 3042 nisi
407 2981 576 3062 praesente
599 2980 706 3041 tutore
735 2980 880 3061 auctore,
911 2981 943 3040 et
970 2998 1011 3041 ne
1040 2979 1110 3062 qui-

97 3066 169 3130 dem
192 3067 445 3150 possessionem,
472 3087 553 3151 quae
580 3068 629 3129 est
653 3065 828 3148 naturalis,
855 3070 891 3129 ut
915 3063 1106 3132 Sabinianis

96 3154 202 3218 visum
227 3158 285 3218 est.

188 3261 259 3325 119.
282 3259 323 3325 D.
332 3261 385 3343 47,
396 3260 426 3342 2,
436 3260 489 3340 43,
499 3258 528 3324 5.
561 3259 720 3342 Ulpianus
734 3260 818 3324 libro
834 3256 1109 3344 quadragensimo

96 3349 200 3433 primo
225 3349 264 3412 ad
288 3346 443 3412 Sabinum
467 3343 516 3434 (Ρ.
536 3346 646 3436 2870).
669 3385 714 3394 —
808 3347 921 3413 Sabini
944 3354 977 3413 et
1001 3347 1109 3416 Cassii

98 3439 260 3502 sententia
287 3437 537 3500 existimantium
563 3438 673 3519 stetim
696 3441 843 3502 nostram
867 3458 936 3501 esse
960 3437 1109 3504 desinere

97 3546 164 3589 rem
189 3548 284 3609 quam
309 3525 567 3610 derelinquimus.
