2422 3976
99 185 163 248 222
186 185 233 240 IV.
248 183 463 239 VESPASIANI
477 184 550 238 TlTI
563 185 758 240 DOMITIANI
772 185 880 240 TEMP.
893 184 991 240 IURIS
1007 184 1108 241 CONS.

99 346 228 428 scribit'3
251 352 385 412 Neratii:
408 352 443 410 D.
460 355 510 424 18,
527 356 554 423 1,
571 355 610 412 57
632 347 785 412 ‘Neratius
804 346 869 412 ait’.
904 352 940 412 D.
955 349 1009 432 42,
1025 357 1052 430 1,
1067 354 1106 412 21

99 435 254 500 ‘Neratius
291 435 415 500 scribit'.
470 442 507 499 cf.
536 441 572 500 D.
597 444 648 515 35,
674 445 700 515 1,
719 443 810 514 43,2
844 435 1000 501 ‘Neratius
1032 441 1108 500 libro

97 531 194 605 primo
223 530 443 606 Responsorum
471 525 602 607 scribit’3
630 529 799 606 Pomponii:
827 529 862 588 D.
884 533 935 605 12,
956 531 985 606 5,
1005 533 1035 591 9.
1057 531 1106 602 41,

100 621 128 695 1,
147 619 188 677 49
218 612 410 694 ‘Pomponius
444 612 568 678 scribit’.
617 619 655 678 D.
673 620 725 694 41,
746 621 774 691 1,
792 620 881 690 48,1
912 612 1108 695 ‘Pomponius

97 707 260 767 verendum
291 701 350 766 ne'.
400 706 438 764 D.
458 711 486 784 9,
505 710 536 784 4,
555 710 595 767 31
635 702 728 784 ‘quod
760 707 942 782 Pomponius
978 700 1106 784 probat'.

97 796 134 855 D.
144 797 196 872 45,
208 799 236 873 1,
247 799 298 874 91,
308 797 338 854 4.
350 799 368 856 5
384 789 562 871 ‘Pomponio
577 843 583 856 .
599 839 606 854 .
620 789 738 871 plaeet'.
776 790 970 870 ‘Pomponius
984 786 1105 875 putet'),

97 885 127 943 in
160 886 251 944 rebus
283 885 461 944 collocandis
494 886 525 943 61
552 903 570 943 1
598 884 762 959 Pomponio
790 887 821 944 et
849 903 868 942 a
894 884 1038 944 Iauoleno
1064 884 1107 943 ita

97 974 222 1050 recedit,
254 978 288 1033 ut
319 976 427 1033 neuter
453 975 528 1032 iuris
555 973 707 1033 honorarii
734 972 881 1032 institutis
909 973 1101 1048 principalem

97 1063 197 1122 locum
219 1062 358 1122 rideatur
380 1062 557 1139 assignasse.
603 1062 801 1138 Pomponium
823 1062 915 1138 enim,
940 1062 993 1138 qni
1016 1061 1103 1120 libros

97 1151 135 1209 ad
166 1151 320 1209 Plautium
349 1150 461 1209 Iuliani
487 1151 682 1228 Digestorum
713 1151 790 1210 libro
817 1149 903 1208 XLII
933 1150 996 1210 iam
1027 1149 1104 1209 edito

96 1240 264 1315 composuit
281 1239 493 1316 Iulianumque
516 1240 635 1316 saepius
657 1240 762 1298 laudat
780 1234 830 1319 (D.
847 1240 897 1310 21,
912 1239 942 1310 3,
958 1239 987 1298 2.
1013 1237 1101 1312 17,1,

96 1329 191 1403 47pr.
215 1331 265 1388 46.
282 1331 378 1403 8,16.
401 1329 453 1406 40,
468 1330 498 1406 4,
513 1331 554 1389 40
562 1348 607 1403 pr.
634 1331 682 1406 12,
699 1330 767 1405 1,8.
786 1322 957 1406 31,11,1),
976 1327 1100 1386 edietum

96 1414 275 1492 perpetuum
303 1417 461 1476 aluliano
490 1418 674 1495 ordinatum,
701 1418 738 1475 ad
763 1416 846 1475 ouius
870 1416 1006 1474 ordinem
1028 1415 1099 1474 idem

97 1505 290 1580 Digestorum
314 1506 407 1565 libros
425 1506 586 1564 I-LVIII
610 1506 784 1584 composuit,
806 1509 906 1563 temen
929 1504 962 1562 in
981 1501 1099 1580 singulis

96 1594 186 1652 rebus
206 1613 265 1653 non
284 1598 420 1653 secutum
440 1613 504 1654 esse
523 1598 662 1671 apparet3
686 1595 859 1654 Iavolenum
880 1595 984 1651 autem
1002 1587 1098 1651 libroI

96 1682 132 1740 de
156 1677 266 1759 legatis
289 1682 457 1758 disputasse
480 1686 605 1743 constat.

187 1772 297 1828 Eorum
344 1771 480 1847 inprimis
525 1773 735 1830 institutorum
780 1769 927 1830 rationem
962 1767 1095 1828 ‘Plautius

96 1858 216 1935 habuit,
244 1878 321 1936 quae
349 1861 423 1920 iuris
446 1861 542 1920 civilis
567 1863 650 1920 sunt:
677 1861 845 1937 legatorum
869 1851 921 1938 (de
944 1858 1051 1934 quibus
1071 1855 1095 1913 et

95 1947 255 2007 Iavolenus
274 1949 351 2008 libro
370 1949 393 2024 I,
412 1949 595 2026 Pomponius
613 1949 689 2008 libro
707 1947 772 2026 VH,
790 1947 903 2006 Paulus
920 1945 1007 2005 libris
1021 1940 1094 2016 VIII,

95 2036 148 2112 IX,
171 2037 214 2094 XI
237 2040 268 2096 et
286 2037 345 2095 XII
368 2039 552 2113 scripserunt
570 2043 601 2097 et
618 2038 731 2096 Plautii
750 2036 844 2112 ipsius
862 2035 1008 2094 nonnulla
1024 2033 1094 2108 frag·

96 2128 197 2183 menta
228 2127 342 2185 tradita
375 2124 473 2202 sunt),
504 2127 579 2186 111111
612 2127 726 2185 dotium
760 2118 811 2206 (de
843 2143 902 2201 quo
930 2142 991 2182 nou
1018 2119 1092 2180 mode

96 2211 279 2289 Pomponius
311 2217 330 2274 l.
349 2216 393 2273 IV
425 2220 455 2274 et
482 2216 595 2274 Paulus
622 2216 641 2273 1.
661 2214 705 2272 VI
732 2214 899 2291 disputant,
933 2212 986 2271 sed
1013 2211 1092 2270 etiem

95 2301 209 2360 Plautii
242 2307 442 2380 tragmentum
475 2296 601 2384 exstat),
638 2304 818 2362 servitutum
850 2293 902 2382 (de
934 2300 1040 2376 quibus
1068 2297 1092 2353 et

94 2390 214 2451 Neratii
236 2412 328 2450 unum
352 2395 554 2470 fragmentum
574 2397 620 2452 est
639 2395 669 2450 et
686 2392 844 2450 Iavolenus
862 2390 985 2450 videtur
1003 2389 1091 2462 dispu-

95 2484 175 2539 tasse
202 2481 278 2539 libro
302 2475 375 2562 Ill),
404 2482 562 2555 emptionis
586 2480 766 2541 venditionis
789 2471 840 2560 (de
864 2497 923 2554 qua
945 2477 1090 2537 Iavolenus

95 2569 114 2627 1.
133 2570 173 2644 Π,
197 2570 309 2628 Paulus
333 2571 352 2628 l.
367 2570 394 2626 V
418 2562 597 2651 disputant).
643 2570 717 2627 iuris
741 2587 859 2644 quoque
882 2566 1032 2626 honorarii
1053 2579 1089 2621 ae

95 2662 250 2716 cesserunt
266 2659 408 2717 instituta
422 2659 576 2735 quaedam.
608 2661 687 2716 certe
707 2658 743 2717 de
757 2659 903 2716 bonorum
917 2652 1089 2731 possessione

95 2751 199 2802 contra
232 2747 351 2805 tabulas
383 2748 472 2822 dixit,
505 2747 540 2804 de
569 2747 670 2805 damni
697 2746 799 2804 infecti
827 2743 1034 2819 stipulatione,
1061 2739 1088 2796 de

96 2832 265 2892 actionibus
289 2835 440 2895 institoria
464 2838 494 2893 61
517 2835 553 2893 de
576 2834 701 2910 peculio.
747 2837 787 2909 11,
809 2833 840 2890 id
864 2832 945 2908 quod
967 2832 1089 2905 Krueger

95 2940 122 2995 p.
150 2922 208 2979 131
244 2926 275 2980 11
309 2926 370 2983 159
404 2924 527 3000 statuit,
558 2923 632 2982 iuris
665 2923 817 2981 honorarii
847 2921 997 2980 institutis
1027 2915 1087 2976 iuris

95 3009 191 3068 civilis
219 3011 357 3071 instituta
383 3013 554 3088 appendicis
578 3013 664 3071 modo
689 3011 790 3070 addita
813 3028 891 3083 esse,
919 3011 1009 3069 rebus
1029 3001 1088 3081 ipsis

94 3118 154 3158 non
178 3100 334 3159 convenire
356 3105 438 3177 puto.

184 3186 277 3257 Quem
295 3210 396 3248 rerum
415 3190 549 3248 ordinem
568 3189 706 3247 Plautius
725 3191 846 3246 secutus
861 3188 911 3260 sit,
930 3188 957 3246 si
975 3184 1086 3250 omnino,

95 3282 175 3336 certe
197 3297 257 3337 non
280 3297 315 3336 ex
338 3278 433 3355 Pauli,
457 3278 509 3337 sed
531 3282 651 3337 11111111
675 3297 709 3336 ex
731 3276 865 3335 Iauoleni
889 3277 975 3335 libris
998 3267 1086 3349 dispici

93 3385 181 3441 posse
213 3370 346 3442 apparet.
396 3367 554 3426 Iavolenus
587 3370 688 3425 autem
720 3365 816 3442 primo
848 3366 926 3425 libro
958 3365 1031 3425 dixit
1057 3357 1086 3415 de

94 3455 212 3531 legatie,
235 3455 363 3513 secundo
386 3455 421 3512 de
446 3455 584 3514 libertate
603 3456 709 3514 relicta
727 3458 758 3513 et
776 3454 813 3511 de
832 3456 983 3528 emptione
1002 3447 1085 3512 vendi·

93 3544 173 3602 tione
211 3543 385 3602 hereditatis
417 3536 467 3624 (D.
488 3546 538 3621 12,
559 3548 587 3622 6,
606 3547 655 3604 45.
686 3546 736 3618 18,
756 3546 785 3614 4,
806 3545 834 3619 8,
856 3535 915 3624 10)
950 3548 981 3604 et
1016 3532 1085 3602 fundi
