2422 3976
436 170 462 220 8.
481 164 635 221 URSEIUS
653 164 776 221 FEROX
1048 167 1111 234 183

122 324 228 411 piscem,
251 326 352 392 Geius
372 325 504 393 Cassius
526 328 694 412 respondit
714 328 762 393 ite
781 329 909 394 demum
928 329 1112 395 fideiussori

122 416 321 500 exceptionem
345 415 497 501 dandam,
522 418 550 481 si
574 441 593 482 e
616 418 749 482 muliere
772 423 906 502 rogatus
929 418 1053 484 fuisset.

120 548 123 553 -
190 511 360 588 Sequuntur
391 510 482 570 heec:
513 505 660 571 ‘Iulianus
694 514 796 571 eutem
828 515 908 572 recte
937 515 1026 588 putet
1047 508 1109 575 ...'

120 597 195 658 verbe
215 594 308 660 ‘recte
331 594 429 675 putat'
454 618 473 658 a
496 600 678 660 Tribonieno
702 600 805 659 addite
827 601 976 660 ridentur.
1022 603 1113 662 aliter

119 683 236 764 Krueger
261 708 290 765 p.
312 690 376 748 160
399 707 427 748 n.
448 691 510 748 116
544 681 652 770 (‘wohl
683 689 776 748 durch
804 689 999 765 Entstellung
1030 691 1112 750 einer

118 772 184 837 Note
205 777 392 854 entetenden,
416 780 495 837 etwe
518 797 560 852 so,
584 778 650 837 dass
672 778 772 837 hiuter
790 777 926 837 Iulianus
945 778 999 837 der
1016 779 1112 839 Neme

117 864 181 926 einer
211 884 271 926 von
296 866 397 924 Iulian
428 867 629 944 engefdhrten
657 867 793 926 Juristen
821 867 1009 943 ausgefullen
1035 860 1111 948 ist').

520 1020 570 1085 Dc
589 1022 695 1105 furtis.

188 1137 240 1202 33.
263 1135 304 1201 D.
318 1137 370 1217 47,
384 1137 414 1219 2,
428 1134 481 1200 59.
513 1135 659 1200 Iulianus
673 1136 759 1200 libro
774 1139 889 1220 quarto
905 1135 946 1199 ed
959 1135 1112 1202 Urseium

108 1220 253 1290 Ferocem
277 1221 326 1310 (P.
345 1221 433 1311 926).
459 1259 496 1271 ·-
523 1223 559 1289 Si
585 1224 653 1289 filio
681 1224 823 1289 familias
845 1223 968 1289 furtum
991 1222 1112 1290 fectum

107 1317 197 1392 esset,
230 1319 317 1378 reete
349 1334 419 1378 cum
446 1316 569 1397 petrem
596 1313 739 1378 familias
767 1312 889 1377 fastum
917 1334 955 1378 eo
983 1314 1112 1379 nomine

142 1401 219 1468 erc¹.

105 1424 140 1488 ag
188 1490 262 1556 ‘Sed
281 1498 312 1555 et
329 1495 356 1556 si
374 1515 423 1556 res
442 1495 470 1555 ei
488 1496 587 1555 locate
606 1496 749 1571 subrepta
767 1494 868 1570 fuerit,
881 1499 967 1571 peter
980 1496 1112 1556 familias

101 1585 198 1646 tuctus
220 1585 326 1644 itidem
348 1603 437 1662 egere
460 1578 594 1661 poterit'.

188 1687 243 1752 34.
264 1684 305 1750 D.
322 1686 372 1764 13,
386 1686 416 1767 6,
431 1686 484 1751 20.
529 1685 618 1749 Idem
641 1682 701 1772 (ee.
723 1683 884 1772 Iulianus)
907 1687 992 1750 libro
1015 1687 1112 1751 tertio

100 1775 139 1841 ud
161 1773 318 1840 Urseium
339 1773 492 1840 Ferocem
516 1771 566 1859 (P.
586 1774 675 1858 920).
698 1811 740 1820 —
764 1774 946 1858 Argentum
974 1797 1111 1841 commo·

99 1864 211 1929 datum
236 1863 265 1928 si
290 1861 387 1947 [tem]
411 1862 528 1928 idoneo
558 1884 650 1927 servo
679 1872 751 1927 meo
778 1863 984 1928 tradidissem
1012 1865 1052 1928 ed
1080 1869 1112 1928 te

97 1951 325 2038 perferendum
355 1953 405 2031 [ut
426 1973 494 2016 non
512 1951 658 2015 debuerit
676 1952 747 2034 quis
770 1953 939 2017 aestimare
959 1953 1113 2036 futurum,

97 2046 134 2107 nt
157 2064 177 2106 e
201 2040 392 2125 quibusdam
421 2041 516 2105 melis
544 2039 730 2105 hominibus
753 2040 979 2124 deciperetur],
1011 2044 1113 2124 tuum,

95 2152 164 2196 non
197 2151 307 2194 meum
339 2128 566 2194 detrimentum
598 2125 693 2211 esse²‚
726 2129 754 2193 si
785 2130 818 2193 id
851 2130 930 2194 meli
962 2131 1111 2195 homines

97 2218 360 2302 intercepissent.

187 2311 363 2372 Tribonieni
385 2312 596 2371 eddidementu
618 2310 742 2370 Pernioe
766 2311 969 2386 deprehendIt.

188 2412 242 2480 35.
265 2411 305 2478 D.
321 2414 372 2494 12,
385 2413 416 2491 5,
429 2413 460 2479 5.
500 2413 646 2478 Iulianus
668 2412 753 2476 libro
777 2413 875 2477 tertio
900 2412 939 2476 ad
958 2411 1113 2477 Urseium

96 2503 254 2569 Ferocem
278 2501 328 2585 (P.
347 2500 437 2587 915).
462 2538 499 2549 —
525 2499 561 2566 Si
588 2525 607 2565 e
635 2523 727 2565 servo
751 2522 823 2565 meo
847 2501 1019 2584 pecuniam
1042 2501 1112 2584 quis

98 2592 288 2676 recepisset,
310 2613 352 2655 ne
374 2591 497 2655 furtum
521 2590 561 2655 eb
586 2612 624 2654 eo
647 2590 769 2654 fectum
793 2589 959 2672 indicaret,
983 2589 1048 2653 sive
1067 2587 1113 2654 in·

98 2681 241 2746 dicasset
278 2680 345 2744 sive
382 2701 460 2765 non,
496 2679 723 2762 repetitionem
756 2678 824 2742 fore
858 2678 926 2742 eius
958 2679 1112 2762 pecuniae

98 2769 258 2835 Proculus
281 2768 457 2853 respondit.

496 2949 606 3010 Liber
628 2948 719 3008 X-?

461 3069 511 3135 Dc
533 3070 594 3152 depe
616 3069 756 3150 Aquilia.

190 3185 256 3251 36⁸.
289 3182 404 3250 collat.
425 3185 475 3269 12,
496 3186 525 3268 ’1,
544 3184 573 3250 9.
622 3183 782 3268 Ulpianus
814 3183 899 3248 libro
927 3182 1040 3248 XVIII
1073 3180 1113 3246 ad

99 3274 243 3340 edictum
267 3270 317 3360 (P.
334 3270 424 3359 623).
450 3311 488 3320 -
515 3324 544 3338 ..
564 3274 591 3337 si
615 3274 669 3357 qui
693 3273 776 3338 servi
799 3273 950 3357 inquilini
973 3270 1113 3334 insulam

174 3471 189 3518 1
211 3466 287 3522 Trio.
305 3464 330 3519 is
348 3467 429 3534 peter
446 3463 568 3520 familias
586 3465 677 3519 fuctus
692 3507 698 3519 .
713 3501 719 3518 .
735 3467 809 3534 eget.

175 3541 191 3590 2
213 3537 288 3592 11111.
307 3534 366 3593 erit.
