2422 3976
97 190 160 255 136
182 190 230 246 111.
240 189 317 245 GAII
326 188 471 244 CLAUDII
480 187 615 244 nabor.
626 186 769 243 GALBAL
779 187 887 244 ΤΕΜΡ.
896 186 993 245 IURIS
1003 187 1103 245 OONS.

98 354 196 417 etiam
225 374 312 436 eum,
344 352 399 437 qui
426 355 502 435 post
528 355 666 416 mortem
693 351 795 435 patris
823 352 982 417 senatoris
1008 355 1104 416 natus

96 442 148 524 sit,
172 441 265 524 quasi
288 441 446 504 senatoris
469 439 573 505 filium
597 461 675 504 esse.
716 439 771 504 sed
794 461 877 523 eum,
900 439 956 524 qui
978 445 1104 525 postea·

96 552 194 615 qoam
225 531 317 613 pater
350 528 485 593 eiusde
512 533 627 593 senatu
653 533 760 593 motus
789 532 838 594 est
865 529 1047 614 concipitur
1073 536 1106 593 et

94 619 251 702 nascitur,
288 617 443 682 Proculus
481 621 513 682 et
545 616 687 701 Pegasus
725 617 897 701 opinantur
934 639 1001 684 non
1034 640 1103 684 esse

96 707 189 791 quasi
212 707 372 772 senatoris
395 707 503 772 filium.

285 957 332 1018 Dc
355 961 506 1019 donatione
528 961 603 1019 inter
624 961 720 1019 cirum
744 963 769 1018 ot
791 977 917 1020 uxorem.

186 1097 234 1161 16.
258 1094 296 1162 D.
312 1097 364 1181 24,
379 1098 408 1179 1,
423 1096 474 1161 64.
511 1094 682 1160 Iavolenus
701 1096 785 1160 libro
804 1099 895 1160 sexto
915 1117 955 1160 ex
969 1097 1106 1180 posteri·-

95 1186 204 1251 oribus
219 1184 390 1250 Labeonis.
407 1221 445 1232 —
462 1182 522 1248 Vir
541 1184 668 1249 mulieri
686 1184 825 1249 divortio
844 1183 931 1250 facto
946 1186 1103 1271 quaedam

95 1274 212 1340 idcirco
236 1273 375 1358 dederat,
397 1278 434 1339 ut
457 1273 498 1337 ad
521 1295 556 1337 sc
579 1276 807 1359 reverteretur3
839 1273 955 1337 mulier
977 1295 1104 1340 reversa

95 1369 177 1444 erat,
207 1363 320 1426 deinde
344 1361 518 1426 divortium
540 1362 626 1426 fecit.
673 1361 795 1427 Labeo:
823 1361 996 1427 Trebatius
1020 1365 1105 1428 inter

96 1451 282 1517 Terentiam
297 1454 329 1514 et
338 1450 558 1515 Maecenatem
571 1450 746 1535 respondit,
761 1450 789 1514 si
802 1471 915 1515 verum
930 1450 1104 1517 divortium

94 1541 223 1622 fuisset,
254 1544 358 1603 ratam
387 1560 456 1603 esse
480 1539 699 1621 donationem,
720 1539 749 1603 si
772 1539 940 1623 simulata,
968 1546 1102 1606 contra.

95 1629 150 1693 sed
164 1677 172 1693 .
187 1678 194 1692 .
210 1678 217 1692 .
232 1626 387 1692 Proculus
411 1633 445 1691 et
467 1625 625 1692 Caecilius
648 1630 775 1712 putant,
798 1631 875 1692 tunc
899 1650 1012 1693 verum
1036 1651 1104 1694 esse

94 1717 267 1781 divortium
287 1720 320 1780 et
337 1716 444 1780 valere
463 1716 669 1781 donationem
690 1715 834 1797 [divortii
848 1737 945 1781 causa
960 1717 1103 1800 tactam],

95 1806 124 1870 si
147 1806 229 1869 aliae
249 1806 382 1889 nuptiae
400 1807 563 1869 insecutae
582 1810 658 1870 sunt
676 1809 733 1869 aut
751 1809 818 1870 tam
837 1805 938 1891 longo
958 1811 1104 1891 tempore

94 1895 190 1958 vidua
207 1893 330 1974 fuisset,
353 1897 389 1957 ut
408 1893 540 1958 dubium
560 1915 625 1959 non
643 1892 729 1958 foret
747 1894 884 1958 alterum
904 1915 974 1958 esse
994 1897 1106 1961 matri.

94 1984 250 2066 monium3
284 1983 365 2046 alias
397 2003 456 2047 nec
489 1981 698 2047 donationem
725 1983 822 2048 ullius
850 2003 921 2047 esse
949 1984 1106 2049 momenti

94 2071 246 2136 futuram.

510 2228 559 2294 Dc
582 2230 691 2294 tutelis,

185 2372 235 2438 17.
268 2369 338 2437 Gai.
357 2374 388 2457 2,
406 2372 480 2437 231.
503 2407 547 2417 -
582 2367 682 2458 (Ante
710 2371 836 2435 heredis
867 2371 1108 2439 institutionem

95 2462 253 2526 inutiliter
290 2463 431 2547 legatur,
469 2460 592 2524 scilicet
628 2460 703 2544 quia
737 2463 934 2524 testamenta
966 2462 1036 2526 vim
1068 2484 1107 2527 ex

95 2551 300 2615 institutione
324 2550 449 2613 heredis
473 2548 635 2632 accipiunt
649 2599 656 2612 .
672 2598 678 2612 .
692 2550 763 2632 pari
786 2549 912 2614 ratione
932 2571 991 2614 nec
1010 2551 1108 2616 liber-

94 2643 145 2703 tas
179 2644 254 2704 ante
286 2638 413 2702 heredis
445 2637 683 2702 institutionem
716 2637 784 2700 dari
816 2634 947 2724 potest.)
1000 2639 1108 2705 nostri

94 2732 319 2812 praeceptores
338 2748 397 2790 nec
415 2729 556 2791 tutorem
576 2748 612 2791 eo
627 2726 698 2790 loco
714 2726 781 2790 dari
796 2748 890 2811 posse
904 2726 1108 2813 existimant3

96 2820 145 2879 set
166 2815 275 2880 Labeo
300 2820 331 2879 et
350 2814 506 2879 Proculus
530 2818 670 2879 tutorem
694 2836 789 2898 posse
814 2815 892 2898 dari,
916 2815 1000 2898 quod
1024 2816 1109 2903 nihil,

98 2926 137 2967 ex
159 2903 338 2968 hereditate
362 2907 512 2989 erogatur
535 2903 653 2967 tutoris
678 2902 815 2967 datione,

187 3011 235 3075 18.
258 3009 332 3076 Vat.
347 3009 417 3074 fnl
442 3007 493 3097 (P.
511 3008 619 3094 1782).
646 3047 683 3055 -
708 3008 792 3092 <Qui
816 3033 835 3074 a
858 3009 1014 3095 muliere>
1038 3011 1108 3078 sine

96 3099 217 3164 tutoris
241 3100 433 3164 auctoritate
457 3099 560 3163 sciens
584 3120 652 3162 rem
676 3099 818 3183 mancipi
842 3099 928 3174 emit,
951 3100 1002 3165 vel
1025 3099 1107 3165 falso

95 3192 203 3252 tutore
227 3192 357 3252 auctore
382 3209 476 3272 quem
501 3187 575 3252 sciit
598 3209 662 3252 non
686 3209 764 3267 esse,
789 3210 853 3252 non
871 3186 1000 3252 videtur
1018 3189 1107 3256 bona

94 3277 157 3341 fide
186 3276 310 3340 emisse.
355 3277 464 3361 itaque
493 3279 525 3339 et
546 3280 670 3340 veteres
694 3279 823 3360 putant,
852 3280 884 3340 et
908 3275 1049 3342 Sabinus
1075 3282 1107 3342 et

95 3363 225 3431 Cassius
259 3366 414 3430 scribunt.
469 3364 577 3428 Labeo
611 3363 739 3448 quidem
772 3366 921 3449 putabat,
956 3386 1015 3431 nec
1048 3388 1106 3451 pro

96 3458 239 3538 emptore
263 3475 336 3518 eum
360 3453 534 3538 possidere,
560 3453 613 3517 sed
637 3475 696 3536 pro
719 3475 919 3538 possessore3
948 3453 1106 3521 Proculus

96 3548 128 3607 et
151 3541 277 3627 Celsum
299 3565 358 3628 pro
383 3546 535 3626 emptore.
