2460 3976
108 169 175 234 414
211 169 243 224 V.
263 169 413 224 NERVAE
431 168 478 223 ΕΤ
497 168 650 224 TRAIANI
668 167 774 225 ΤΕΜΡ.
792 169 890 225 IURIS
910 167 1090 226 consum

106 334 180 398 isset
205 333 319 415 parari
341 333 460 414 pecoris
486 333 681 397 instrumenti
706 331 936 417 similimum,
967 333 1022 399 scri
1045 334 1124 416 quia

102 426 253 504 paratum
284 425 372 497 esset;
406 441 469 486 non
500 422 582 485 enim
612 441 650 485 ea
680 441 807 486 numero
838 425 895 485 aut
925 421 1123 489 mnitibedtne

108 511 207 593 ieqata
229 511 456 575 aesiimaueium
478 530 548 575 esse.
593 508 747 574 Labeonis
767 511 950 575 sententmm
966 511 1078 593 probo.

195 607 248 672 42.
276 605 403 679 D.ibid.
419 609 439 688 ξ
456 607 483 673 1.
504 644 543 655 —
565 607 700 688 Quidam
721 627 790 673 cum
813 609 849 671 in
870 606 971 687 fundo
992 608 1122 692 Jiqlinae

106 695 240 775 baberet,
270 696 435 780 qiqubornm
466 716 558 778 opera
588 697 707 760 maiore
734 701 826 778 parte
856 697 938 761 anui
969 699 1015 762 aci
1045 718 1123 780 opus

107 785 257 850 rusticum
279 786 426 868 utebatur,
449 785 558 850 deinde
578 786 644 850 aus
664 784 759 865 fundi
780 786 1026 850 instrumentum
1043 787 1123 870 lequ-

106 880 200 939 uerat.
239 874 340 939 Labeo
361 873 521 939 Trebatius
538 895 601 939 non
619 875 716 940 uideri
732 874 843 958 fiqulos
861 875 896 938 in
916 874 1124 943 tmnunmm

105 962 200 1044 fundi
221 982 291 1028 essa

195 1061 248 1126 43.
276 1059 314 1124 D.
329 1059 404 1124 ibid.
419 1062 439 1141 ξ
454 1061 484 1125 2.
508 1096 551 1106 -
573 1058 654 1125 Item
676 1080 745 1125 cum
767 1061 1011 1125 instrumentum
1032 1081 1123 1128 omne

106 1149 239 1233 beqatum
257 1153 330 1214 esset
348 1154 465 1231 eccepto
476 1169 594 1234 pecore,
605 1154 746 1232 pastores
764 1149 917 1233 oviir'oncs,
936 1151 1036 1216 ouilia
1049 1172 1122 1234 quo·

106 1259 163 1321 que
186 1238 282 1321 ieqato
303 1238 452 1302 contineri
477 1236 591 1320 Ofilius
611 1258 675 1303 uon
696 1241 772 1302 recte
787 1242 892 1320 putat.

451 1439 499 1497 De
521 1439 640 1497 aedibus
662 1439 770 1512 ieqatis.

195 1557 247 1621 44.
276 1555 313 1621 Ι).
328 1556 380 1641 50,
396 1557 446 1640 16,
462 1557 535 1640 242,
553 1559 580 1622 1.
620 1555 789 1621 Iavolenus
814 1556 898 1621 libro
919 1559 1061 1623 secundo
1081 1579 1118 1622 ex

106 1644 341 1729 posterioribus
364 1645 532 1710 Labeonis.
552 1643 700 1710 -Inter
722 1644 912 1726 ‘proiectum'
935 1651 964 1710 ct
987 1645 1116 1712 ‘immis

106 1732 187 1798 sum'
214 1733 269 1797 boc
299 1735 439 1799 interesse
467 1735 515 1799 ait
541 1733 654 1816 Labe0,
686 1736 767 1815 quoii
786 1735 957 1816 proiectum
985 1740 1060 1801 esset
1083 1734 1117 1800 td

106 1824 188 1904 quod
219 1823 266 1886 ita
287 1823 501 1905 proveheretur
529 1828 745 1904 utnusquam
771 1824 979 1907 requiesceret,
1010 1823 1112 1906 qualia

106 1912 274 1975 maeniana
296 1915 324 1975 et
344 1913 537 1993 suqqrunciae
559 1917 670 1988 essent·
697 1912 871 1976 immissum
894 1916 1012 1997 autem,
1037 1910 1112 1994 quod

106 2001 153 2064 ita
176 2002 273 2083 fieret,
300 2006 336 2064 ut
357 2002 461 2081 atiquo
485 2001 547 2065 loco
569 2001 770 2083 requiesceret,
792 2001 885 2066 ueiuti
908 2003 996 2084 tiqna
1019 2000 1108 2065 crebo

106 2110 185 2172 quae
207 2090 419 2153 inmitteretur.

194 2186 246 2252 45.
270 2186 307 2251 D.
323 2186 398 2252 ibid.
413 2190 433 2267 ᾗ
448 2187 476 2250 2.
495 2223 539 2232 -
559 2186 737 2271 Piumbum,
753 2188 835 2268 quod
852 2187 961 2268 tequiis
979 2184 1102 2269 <mm>

99 2281 273 2358 poneretur,
295 2276 429 2357 aedificii
447 2295 508 2340 esse
530 2277 577 2338 ait
594 2276 706 2356 Labeo,
730 2277 783 2340 sect
800 2276 839 2359 ici,
858 2278 940 2356 quoii
956 2271 1103 2358 bypactbri

106 2367 222 2447 teqeneb
244 2385 338 2429 causa
357 2370 532 2446 poneretur,
555 2369 661 2429 contra
678 2385 747 2430 esse.

194 2463 246 2526 46.
284 2461 322 2525 D.
341 2462 416 2529 ibid.
435 2464 454 2542 ξ
474 2464 503 2527 4.
538 2499 576 2508 -
611 2462 790 2527 Straturam
822 2462 880 2526 ioci
913 2462 1044 2527 alicuius
1070 2473 1099 2521 et

105 2552 218 2616 tabuiis
233 2549 379 2633 factem1,
397 2573 475 2633 quae
493 2556 604 2616 aestate
623 2551 796 2616 tollerentur
814 2555 843 2615 ct
859 2550 956 2615 bieme
970 2564 1098 2632 ponam·

105 2644 163 2721 tur,
200 2639 323 2703 uectium
358 2661 419 2705 esse
454 2642 501 2704 ait
536 2640 649 2718 Labeo,
685 2640 832 2721 quoniam
863 2641 1005 2721 perpetui
1037 2649 1097 2702 uoti

98 2732 241 2879 metuet
263 2735 375 2806 essent·
407 2750 501 2811 neque
532 2731 576 2793 aab
600 2750 664 2792 rem
687 2729 852 2810 pertinere,
884 2730 966 2810 qnod
991 2723 1097 2792 interim

172 2836 286 2880 renur.

193 2912 244 2977 47.
269 2914 307 2978 D.
327 2915 379 2995 32,
394 2915 445 2997 30,
460 2916 489 2979 6.
519 2914 626 2978 Labeo
642 2915 725 2979 libro
741 2915 881 2979 secundo
896 2914 1096 3000 posteriorum

105 3000 302 3068 abavoleno
326 3005 584 3087 epitomatorem.
608 3003 702 3069 -Si
724 3004 811 3068 aedes
833 3004 955 3068 alienas
972 3008 1007 3068 ut
1022 3002 1097 3067 cares

103 3090 307 3174 damna[tu]s
333 3094 376 3157 sis
403 3114 497 3174 neque
522 3113 574 3157 eas
600 3093 667 3157 uita
695 3093 869 3158 condicione
891 3114 987 3157 emere
1002 3085 1095 3174 possib

104 3181 266 3245 aestimare
292 3182 422 3245 iudicem
449 3188 582 3263 oportere
609 3183 719 3245 Ateius
745 3182 862 3267 scribit,
890 3182 1001 3265 quanti
1023 3174 1095 3244 ute

103 3270 178 3352 sint,
205 3275 240 3333 ut
261 3271 361 3350 pretio
388 3271 485 3334 soiuto
507 3270 591 3335 heres
615 3271 764 3336 biberetur.
809 3273 947 3354 idemque
970 3269 1044 3335 iuris
1062 3257 1096 3327 tii

103 3359 193 3439 etsi,
216 3357 326 3441 (cum)
345 3361 495 3440 potuuses
516 3380 625 3438 emere,
647 3380 709 3424 non
732 3360 848 3425 emeris.

92 3620 95 3625 Ι
176 3546 190 3592 1
210 3541 258 3596 Fi.
277 3542 366 3597 factis.
