2422 3976
105 113 169 177 346
206 113 240 167 V.
259 111 407 168 NERVAE
426 113 474 169 ET
492 112 644 168 TRAIANT
661 112 766 169 TanP.
783 113 881 170 IURIS
900 112 1078 170 CONSULTI

103 300 156 342 aus
180 283 248 341 dem
269 283 342 341 kurz
365 282 474 342 vorher
497 285 667 360 genannten
689 282 833 342 Neratius
858 277 1108 361 abgesehrieben'

101 371 227 431 Pernice
249 363 294 430 11²
316 391 345 447 p.
360 372 424 431 436
449 391 476 430 n.
493 373 521 432 3.

498 542 547 608 De
568 544 717 609 scortata.
829 599 831 604 Α

190 669 241 734 35.
274 669 313 733 D.
335 669 384 746 17,
403 668 434 751 2,
453 667 504 746 52,
526 669 575 732 17.
619 665 709 732 Idem
738 665 797 756 (se.
822 666 999 823 Ulpianus)
1018 671 1112 736 -libro

99 757 291 842 trigensimo
314 757 419 841 primo
444 756 484 820 ad
508 755 647 822 edictum
667 753 716 843 (P.
730 755 834 842 922⁰).
852 793 895 804 -
916 757 970 824 Ibi
992 781 1044 825 em
1068 760 1116 825 ait

100 843 159 934 (sc.
177 842 354 932 Neratius),
372 845 495 911 socium
514 845 657 910 omnium
680 845 839 911 bonorum
858 868 925 912 non
943 849 1020 934 cogi
1039 871 1114 915 con·

99 936 184 1000 ferre
208 956 289 1019 quae
313 956 351 999 ex
374 933 546 1017 prohibitis
570 934 676 998 causis
700 934 897 1018 adquisierit.

188 1024 239 1089 36.
263 1023 302 1087 D.
316 1024 347 1102 2,
363 1023 414 1107 14,
428 1022 469 1086 27
478 1045 524 1106 pr.
560 1022 681 1088 Paulus
699 1023 782 1088 libro
799 1023 895 1089 tertio
911 1024 953 1089 ad
968 1026 1110 1092 edictum

37 1169 39 1172 ,
99 1109 149 1200 (Ρ.
170 1108 268 1199 127¹).
292 1148 334 1159 -
358 1109 393 1176 si
420 1133 502 1176 unus
525 1133 564 1176 ex
588 1112 781 1197 argentariis
805 1111 901 1178 sociis
924 1135 1000 1178 cum
1023 1115 1107 1180 debi-

98 1204 170 1266 tore
206 1205 319 1285 paetus
356 1199 412 1283 sit,
448 1222 490 1264 an
526 1199 626 1265 etiam
663 1200 756 1265 alteri
789 1205 907 1266 noceat
938 1203 1109 1288 exceptio?

47 1368 52 1376 Ι
98 1287 252 1355 Neratius
276 1288 447 1354 Atilicinus
466 1287 631 1372 Proculus,
651 1309 709 1354 nec
732 1289 759 1353 si
782 1290 816 1354 in
834 1310 901 1354 rem
920 1295 1037 1375 pactus
1056 1293 1111 1372 sit,

98 1378 192 1443 alteri
220 1399 349 1460 noeere3
381 1381 510 1442 tantum
537 1377 623 1441 enim
651 1378 877 1462 constitutum,
905 1383 942 1444 ut
971 1380 1110 1446 solidum

98 1467 182 1532 alter
204 1469 314 1552 petere
336 1467 450 1551 possit
486 1465 571 1531 idem
595 1464 713 1531 Labeo.

186 1560 222 1620 ef.
244 1559 312 1619 111
338 1580 367 1636 p.
387 1563 436 1620 er.

461 1730 512 1796 De
533 1732 601 1796 iare
621 1732 748 1798 dotium.

186 1856 239 1922 37.
258 1855 297 1920 D.
309 1856 361 1935 23,
376 1856 405 1939 3,
415 1856 445 1940 5,
455 1856 485 1921 6.
522 1853 682 1939 Ulpianus
697 1857 780 1922 libro
795 1857 988 1943 trigcnsimo
1002 1858 1101 1943 primo

97 1945 136 2008 ad
156 1941 311 2009 Sabinum
330 1942 379 2030 (P.
394 1941 518 2031 27510).
542 1979 587 1990 -
611 1941 646 2010 Si
669 1949 760 2026 peter
785 1947 864 2027 [non
888 1947 984 2031 quasi
1005 1952 1098 2031 pater,

97 2034 165 2115 sed]
198 2034 261 2098 alio
290 2033 398 2097 dotem
425 2033 637 2118 promittente
664 2033 823 2099 fideiussit
850 2038 883 2099 et
910 2036 1005 2120 quasi
1030 2036 1096 2100 fide·

97 2123 204 2187 iussor
237 2121 381 2203 solverit,
419 2120 571 2186 Neratius
604 2121 651 2186 ait
682 2144 746 2187 non
779 2145 848 2187 esse
880 2123 1094 2207 profecticiam

96 2211 218 2294 dotem,
253 2212 399 2294 quamvis
428 2219 520 2293 pater
548 2231 675 2275 servare
704 2233 723 2275 a
750 2233 804 2277 reo
832 2212 864 2276 id
894 2213 981 2298 quod
1010 2211 1094 2278 solvit

96 2321 161 2364 non
184 2300 297 2384 possit.

185 2407 236 2471 38.
259 2404 340 2470 Ibid.
359 2404 424 2484 §8.
443 2441 486 2452 -
505 2401 540 2468 Si
558 2405 642 2470 filius
661 2406 803 2471 familias
822 2411 992 2472 mutuatus
1007 2405 1093 2474 credi·

95 2501 198 2560 torem
228 2494 400 2578 delegavit,
427 2500 466 2556 ut
493 2493 584 2558 daret
607 2517 666 2577 pro
689 2494 757 2558 filia
780 2495 905 2581 dotem,
933 2497 1092 2562 ueletiam

95 2585 164 2667 ipse
190 2583 313 2665 aceepit
336 2586 369 2645 et
391 2581 491 2665 dedit,
518 2583 620 2647 videri
645 2584 751 2648 dotem
775 2584 816 2649 ab
841 2605 901 2648 avo
925 2586 1092 2670 profectam

95 2671 246 2736 Neratius
275 2671 322 2734 ait
348 2670 518 2755 hactenus,
546 2676 702 2756 quatenus
727 2694 805 2736 avus
829 2677 915 2738 esset
937 2674 1091 2740 dotaturus

94 2764 223 2841 neptem
248 2782 354 2845 suau13
376 2759 409 2822 id
433 2761 517 2824 enim
541 2761 574 2824 in
599 2783 665 2823 rem
690 2761 742 2824 avi
765 2760 866 2825 videri
889 2784 1029 2828 versum.

184 2865 236 2930 39.
264 2865 302 2929 D.
317 2867 369 2949 23,
384 2867 415 2950 3,
429 2867 481 2932 20.
526 2865 645 2931 Paulus
674 2867 758 2931 libro
782 2867 922 2950 septimo
947 2869 989 2933 ad
1013 2866 1090 2935 Sabi·

94 2975 171 3018 num
190 2951 239 3041 (P.
256 2955 364 3038 1756).
389 2991 430 3000 —
455 2955 598 3019 lulianus
623 2955 735 3019 scribit
757 2957 864 3019 valere
883 2958 986 3022 talem
1005 2959 1091 3041 stipu-

94 3042 248 3107 lationem
272 3042 355 3107 ‘cum
379 3043 535 3126 morieris,
559 3044 643 3108 dotis
665 3044 796 3108 nomine
819 3047 871 3109 tot
890 3045 1004 3131 dari'?,
1027 3044 1090 3133 quia

94 3136 127 3195 et
159 3132 277 3215 pacisci
310 3131 448 3213 soleant,
480 3154 520 3195 ne
553 3155 572 3195 a
601 3133 675 3197 viva
703 3131 874 3215 exipatur¹.
926 3135 1012 3218 quod
1037 3153 1090 3199 non

93 3242 164 3285 esse
188 3220 292 3284 simile
316 3220 437 3304 aecepi3
461 3221 547 3285 aliud
572 3224 619 3285 est
641 3221 725 3286 enim
745 3221 873 3286 differre
892 3225 1088 3301 exactionem,

93 3309 181 3372 aliud
214 3309 255 3372 ab
286 3308 380 3372 initio
412 3309 448 3372 in
479 3310 512 3373 id
544 3313 669 3392 tempus
702 3309 865 3393 stipulari,
899 3333 963 3396 quo
992 3309 1088 3376 matri·

171 3487 184 3533 1
206 3482 253 3536 Fl.
273 3481 444 3537 exhibeatur.
478 3498 480 3503 ·
