2422 3976
100 194 167 259 234
186 194 234 251 IV.
248 192 466 248 VESPASIANI
479 192 554 247 ΤΙΤΙ
567 191 765 248 DOMITIANI
777 191 886 248 ΤΕΜΡ.
900 191 999 250 Iulus
1013 192 1114 251 CONS.

187 358 240 422 44.
264 355 304 421 D.
318 357 349 440 5,
365 359 396 434 1,
409 357 462 438 24,
476 357 506 419 2.
541 353 631 420 Idem
650 353 707 437 (sc.
721 353 857 444 Paulus)
871 356 959 422 libro
973 357 1110 443 septimo

100 446 223 511 decimo
247 445 286 510 ad
305 445 470 510 Plautium
494 443 542 531 (P.
559 441 684 532 1231·).
709 481 750 491 —
774 447 847 510 ..si
870 446 1058 529 postulatur
1079 446 1110 511 in

98 557 168 599 rem
210 535 295 600 actio
333 534 486 599 adversus
522 535 681 618 legatum,
723 533 881 618 numquid
917 534 1027 605 danda
1062 536 1110 616 sit,

99 623 252 707 quoniam
288 644 327 688 cx
363 624 525 708 praesenti
560 622 765 706 possessione
800 621 881 689 haec
918 624 1007 690 actio
1042 622 1107 689 est?

98 711 229 779 Cassius
261 711 429 798 respondit
461 711 507 776 sic
535 710 740 791 servandum,
773 714 824 795 ut,
856 710 886 775 si
913 712 1106 779 subducatur

97 799 312 866 ministerium
341 801 384 881 ei,
410 822 477 865 non
500 798 544 864 sit
566 800 768 866 concedenda
790 799 889 884 actio}
920 799 950 865 si
972 822 1051 867 uero
1072 821 1105 867 ex

97 890 208 955 multia
232 890 333 954 servis
357 889 396 954 de
418 911 483 954 unc
507 893 638 973 agatur,
660 911 727 953 non
751 887 796 955 sit
817 888 1007 956 inhibenda.

470 1065 522 1132 De
543 1068 737 1150 usucaprcne.
877 1112 886 1133 .

184 1174 238 1239 45.
261 1172 301 1238 D.
315 1175 368 1254 41,
381 1172 412 1255 4,
426 1174 456 1238 4.
488 1172 659 1238 Iavolenus
673 1173 757 1240 libro
773 1172 913 1238 secundo
928 1194 969 1238 ex
981 1169 1100 1240 Plautio

98 1260 147 1350 (P.
169 1263 255 1349 153).
281 1298 320 1310 -
344 1261 485 1346 Emptos
513 1262 604 1327 fundi
630 1265 759 1347 partem
783 1260 851 1327 eius
876 1261 1018 1328 alienam
1039 1278 1098 1327 esse

95 1374 163 1417 non
181 1353 397 1436 ignoraverat.
427 1372 617 1436 responsum
637 1351 787 1416 estnihil
806 1373 879 1416 eum
898 1373 938 1416 ex
957 1372 996 1417 eo
1010 1349 1097 1416 fundo

96 1461 156 1507 asu
179 1444 356 1523 capturum.

184 1529 237 1593 46.
260 1527 299 1592 D.
313 1529 366 1610 41,
380 1529 410 1610 3,
426 1527 477 1611 13,
494 1531 521 1592 1.
556 1527 647 1593 Idem
666 1525 725 1614 (ac.
739 1524 877 1616 Paulus)
896 1528 981 1594 libro
996 1528 1094 1614 quinta

97 1618 137 1682 ad
163 1617 330 1681 Plautium
358 1613 408 1702 (P.
429 1612 539 1703 1112).
564 1653 602 1664 -
627 1616 711 1682 Eum
739 1617 793 1703 qui
823 1639 843 1680 a
869 1617 994 1683 furioso
1022 1617 1094 1682 bona

95 1706 158 1771 fide
182 1706 276 1789 emit,
298 1727 475 1789 usucapere
498 1727 594 1790 posse
616 1728 807 1792 responsum
830 1709 888 1771 est.

250 1881 300 1948 De
321 1883 517 1949 servitutibus
532 1884 736 1965 praediorum
757 1884 953 1949 anticorum.

183 1991 237 2055 47.
263 1990 302 2054 D.
318 1990 347 2071 8,
362 1989 435 2074 3,5,
451 1992 480 2055 1.
524 1988 683 2074 Ulpianus
708 1989 792 2055 libio
816 1989 957 2074 septimo
982 1988 1088 2055 decim

95 2079 135 2143 ad
168 2080 308 2143 edictum
336 2074 385 2164 (P.
404 2075 506 2163 596⁰).
536 2114 572 2125 -
603 2077 756 2144 Neratius
787 2078 881 2143 libris
910 2100 949 2143 ex
975 2075 1087 2143 Plautio
1136 2092 1138 2097 ·

96 2168 155 2234 ait:
187 2189 246 2231 nec
277 2167 430 2232 haustum
462 2188 521 2230 nec
555 2168 725 2250 appulsum
755 2167 880 2250 pecoris
908 2189 969 2233 nec
997 2168 1086 2233 cretae

96 2257 280 2321 eximendae
312 2256 472 2339 calcisque
505 2255 690 2340 coquendae
721 2255 772 2320 ius
805 2276 901 2339 posse
934 2257 968 2321 in
998 2255 1085 2320 alieno

95 2368 179 2430 esse,
202 2346 267 2410 nisi
290 2344 425 2409 fundum
448 2345 590 2409 vicinum
613 2344 769 2428 habeant,
792 2347 825 2408 et
848 2344 910 2409 hoc
933 2344 1087 2410 Proculum

95 2439 127 2499 et
141 2434 331 2499 Atilicinum
351 2433 552 2497 existimasse
572 2433 619 2497 ait
633 2431 831 2517 (Plautius).
860 2432 917 2498 sed
935 2435 1003 2518 ipse
1017 2428 1086 2508 dicit,

94 2528 131 2588 ut
148 2525 286 2588 maxime
305 2522 401 2587 calcis
421 2521 605 2605 coquendae
625 2528 657 2585 et
675 2525 781 2587 cretae
800 2522 988 2587 eximendae
1007 2516 1087 2586 serui·

94 2615 146 2676 tus
171 2613 325 2677 constitui
347 2612 465 2694 possit,
492 2632 557 2674 non
580 2611 667 2674 ultra
689 2632 799 2695 posse,
823 2633 920 2694 quam
944 2614 1086 2696 qnatenus
1136 2634 1138 2641 ·

96 2700 135 2765 ad
159 2723 231 2764 eum
255 2701 362 2784 ipsum
385 2699 520 2764 fundum
544 2720 625 2784 opus
649 2698 700 2763 sit.
1135 2702 1138 2725 ²

519 2856 570 2923 De
591 2879 683 2940 aqua.

183 2966 236 3030 48.
266 2964 305 3028 D.
324 2966 376 3041 39,
395 2965 425 3047 3,
448 2966 498 3046 17,
519 2966 546 3029 1.
592 2963 712 3029 Paulus
738 2964 821 3028 libro
847 2965 959 3049 quinto
984 2961 1088 3030 decim

96 3054 136 3119 ad
163 3053 328 3117 Plautium
356 3051 405 3137 (P.
426 3049 537 3137 1215).
567 3089 606 3100 -
636 3052 808 3137 ..placuit
837 3075 904 3118 non
939 3053 1020 3118 alias
1044 3065 1089 3135 per

94 3143 233 3228 lapidem
258 3164 373 3226 aquam
398 3143 470 3205 duci
492 3163 598 3225 posse,
625 3142 688 3206 nisi
709 3141 770 3206 hoc
788 3141 832 3239 in,
847 3142 1004 3206 servitute
1029 3157 1088 3205 con·

95 3231 257 3297 stituenda
280 3230 546 3312 comprehensum
570 3232 621 3295 sit.

182 3321 235 3386 49.
273 3319 311 3383 D.
332 3318 362 3400 8,
381 3318 410 3398 6,
432 3320 459 3382 7.
511 3318 630 3384 Paulus
663 3318 746 3384 libro
778 3319 877 3384 tertio
911 3318 1032 3385 decimo
1059 3309 1090 3377 ad

93 3409 257 3475 Plautium
287 3403 338 3493 (P.
360 3404 481 3493 11912).
513 3445 550 3454 —
577 3458 606 3472 ..
626 3409 655 3472 si
682 3406 815 3472 alternis
844 3407 935 3473 horis
963 3407 1013 3474 vel
1039 3420 1090 3469 una
1136 3472 1138 3481 ¹

166 3573 179 3620 1
200 3565 245 3619 Fl.
265 3564 377 3620 habeat.
