2422 3976
93 217 157 283 356
194 216 228 270 V.
247 213 396 270 NERVAE
416 211 464 267 ΕΤ
483 211 634 266 Tamara
652 209 759 265 TEMP.
778 209 876 265 Iunis
896 207 1004 266 CONSl

443 355 515 458 'Aa
536 392 743 459 exhibendum.

188 505 239 568 71.
258 502 298 568 D.
308 501 433 585 10,4‚3,
443 499 493 565 11.
530 498 690 584 Ulpianus
704 499 789 564 libro
804 497 982 564 ricensim0
997 522 1004 562 r

96 592 138 659 ad
167 592 307 657 edictum
331 589 379 676 (P.
395 586 483 674 719).
507 625 549 635 -
653 587 765 652 definit
791 585 958 652 Neratius·
974 588 1004 652 iu

96 682 137 747 ad
170 678 385 746 exhibendum
417 678 574 742 hactenus
608 697 813 762 cognoscere,
850 699 890 741 an
923 678 1004 742 iuste

94 769 298 854 probabilem
322 788 454 833 cansam
476 765 596 830 habeat
619 765 765 849 actionis,
784 770 919 850 propter
941 786 1004 849 qua

95 858 202 923 hiberi
225 858 286 922 sibi
310 856 478 921 desideret.

186 947 237 1012 72.
261 945 301 1010 D.
312 946 363 1025 10,
371 945 402 1026 4,
410 946 439 1024 9,
448 945 477 1010 8.
519 942 678 1028 Ulpianus
697 943 781 1008 libro
800 943 978 1008 vicensimo
998 967 1004 1006 ι

97 1035 138 1101 ad
162 1035 301 1100 edictum
326 1033 375 1118 (P.
392 1030 479 1118 722).
503 1069 547 1079 -
569 1079 597 1097 ..
620 1032 789 1115 utilitates,
812 1032 841 1096 si
865 1054 947 1116 quae
973 1055 1004 1096 ar

97 1128 174 1190 sunt
196 1124 239 1189 ob
261 1124 323 1188 hoc
346 1122 432 1206 quod
454 1143 520 1186 non
543 1120 713 1186 exhibetur
736 1121 788 1185 vel
811 1120 937 1186 tardius
961 1144 1004 1206 qu

95 1213 241 1294 hibetur,
264 1211 482 1276 aestimandae
506 1232 525 1274 a
549 1209 652 1275 iudice
676 1214 760 1274 sunt.
806 1214 839 1274 et
862 1208 934 1274 ideo
957 1207 1004 1275 Ns

97 1301 144 1367 ait
176 1298 351 1367 utilitatem
384 1300 503 1365 actoris
536 1299 644 1363 venire
676 1299 711 1363 in
738 1298 1002 1364 aestimationem

96 1391 209 1475 quanti
237 1411 289 1454 res
318 1389 371 1472 sit,
399 1409 477 1471 quae
503 1389 637 1473 utilitas,
660 1387 779 1472 inquit,
802 1388 959 1453 interdum
981 1409 1004 1453 n

96 1480 155 1544 erit
176 1499 271 1562 quum
292 1497 341 1543 res
363 1479 428 1542 crit.

505 1600 555 1666 De
571 1601 701 1683 peculio.

188 1708 238 1772 73.
262 1706 506 1789 Ι).15,1,11,3.
548 1705 708 1792 Ulpianus
729 1707 813 1771 libro
832 1707 1004 1772 vicensimo

99 1796 139 1861 ad
168 1795 309 1860 edictum
337 1793 386 1881 (P.
407 1793 514 1880 852⁶).
541 1832 585 1842 -
613 1795 675 1860 Est
703 1845 732 1860 ..
759 1796 972 1880 quaestionis,
1003 1826 1004 1856 r

99 1884 185 1969 quod
209 1883 358 1948 dominus
382 1884 481 1948 semel
503 1883 635 1949 deduxit
653 1906 725 1949 cum
744 1885 980 1970 conveniretur,
1003 1910 1004 1947 1

99 1974 128 2039 si
160 1972 383 2057 conveniatur,
415 1971 453 2037 de
483 1973 610 2056 peculio
638 1975 776 2038 eximere
805 1973 934 2057 debeat,
968 1995 1004 2038 an

98 2063 199 2128 veluti
224 2062 364 2126 solutum
389 2061 417 2125 ei
441 2063 588 2127 rideatur
612 2064 711 2126 semel
733 2062 821 2126 facta
841 2062 1004 2128 deductior

97 2149 252 2216 Neratius
267 2154 301 2214 et
311 2149 343 2215 N
345 2172 421 2213 arva
435 2154 560 2233 putant,
574 2151 652 2215 item
662 2150 808 2215 Iulianus
824 2151 909 2216 libro
925 2152 1004 2217 duod

100 2241 223 2323 scribit,
246 2240 274 2303 si
297 2239 425 2323 quidem
450 2239 586 2303 abstulit
608 2240 669 2304 hoc
693 2239 731 2303 de
754 2241 889 2324 peculio,
912 2264 1004 2305 nont

99 2329 225 2411 deduci,
262 2329 289 2392 si
321 2350 396 2392 vero
431 2328 562 2392 candem
595 2329 789 2411 positionem
821 2329 943 2412 peculii
976 2352 1004 2393 rc

100 2419 214 2482 debere
239 2439 310 2480 eum
335 2417 497 2480 deducere.

433 2575 576 2657 Deposui
598 2578 644 2641 uel
665 2582 780 2643 contra.

190 2684 240 2748 74.
266 2684 303 2747 D.
320 2684 370 2763 16,
386 2685 414 2759 3,
431 2686 459 2763 1,
474 2684 525 2747 21.
567 2681 727 2766 Ulpianus
751 2684 833 2748 libro
858 2684 1004 2769 trigensir

101 2770 242 2834 edictum
270 2771 318 2856 (P.
339 2770 426 2856 895).
454 2807 494 2817 -
525 2770 614 2858 (Non
642 2776 768 2836 tantum
796 2773 993 2855 praeteritus

101 2859 134 2922 in
163 2859 302 2942 depositi
330 2861 456 2924 actione
483 2860 602 2938 veniet,
632 2861 687 2924 sed
715 2862 813 2924 etiam
838 2860 982 2940 futurus,

100 2951 177 3029 post
200 2948 292 3011 litem
316 2945 553 3034 contestatam.)
595 2950 668 3012 inde
692 2949 804 3013 scribit
823 2949 991 3035 Neratius,

102 3036 249 3118 deposita
277 3037 344 3100 sine
373 3036 447 3101 dolo
476 3038 560 3101 malo
590 3039 709 3102 amissa
738 3040 781 3102 sit
809 3042 841 3101 et
864 3043 941 3122 post
964 3041 1004 3104 iu«

103 3131 271 3208 acceptum
295 3126 536 3209 reciperaretur,
559 3126 661 3191 nihilo
685 3127 792 3190 minus
816 3133 902 3191 recte
928 3129 1005 3193 adr

101 3214 224 3278 tionem
244 3235 332 3277 reum
353 3216 502 3298 compelli
519 3235 577 3279 nec
595 3215 710 3280 debere
725 3216 859 3299 absolvi,
879 3217 944 3281 nisi
959 3240 1004 3282 res

101 3302 186 3365 idem
210 3302 360 3366 Neratius
382 3304 437 3385 ait,
459 3304 606 3387 quamvis
625 3309 701 3368 tunc
720 3310 826 3369 tecum
847 3305 989 3389 depositi

103 3391 160 3472 sit,
193 3414 264 3455 cum
297 3393 486 3456 restituendi
520 3392 706 3456 facultatem
739 3415 804 3459 non
837 3394 961 3460 habeas
993 3395 1004 3458 l

102 3476 185 3543 forte
205 3480 310 3563 clusiS,
329 3483 447 3565 tamen,
467 3482 494 3545 si
513 3486 588 3545 ante
607 3482 909 3547 condemnationem
925 3485 1003 3549 resti

103 3565 291 3633 facultatem
324 3569 457 3652 habeas,
490 3570 765 3635 condemnandum
798 3577 831 3636 te
862 3574 928 3638 nisi
956 3594 1004 3638 res
