2422 3976
381 179 407 230 4.
430 173 462 229 1..
480 171 663 229 NERATIUS
680 171 831 230 PRJSOUS
1042 173 1107 239 337

359 353 409 420 De
430 353 589 420 verborum
611 353 851 437 obliqatiorribrre.

194 461 221 528 9.
241 460 483 546 D.45,1‚140,
500 462 527 525 1.
572 458 693 524 Paulus
716 458 799 524 libro
823 461 919 525 tertio
942 460 983 526 ad
1006 458 1108 527 Nera-

123 544 188 613 tium
212 547 260 637 (P.
281 545 391 635 1046).
413 585 458 596 —
484 547 534 614 De
563 548 621 614 boe
650 549 848 630 ebbabutiorre
878 547 999 615 ‘annua
1024 550 1109 616 bimo

124 636 198 703 Duo
223 640 271 704 bie
297 639 334 703 id
358 643 517 722 arboretam
541 637 642 720 (sue)
664 657 783 720 qrraqoe
808 639 858 702 die
882 637 988 703 doriP'
1024 640 1110 722 apud

124 729 210 793 aeres
229 729 353 792 varium
373 727 444 808 fuit.

195 821 367 898 Sequuntur
387 821 476 880 haee:
499 814 636 879 ‘Paulum
660 820 712 879 red
730 819 831 882 verius
849 823 881 879 et
897 818 945 880 hio
963 823 1025 881 tres
1043 839 1107 881 esee

123 903 196 968 ilium
216 927 400 970 summarum
423 903 655 987 stipulationes',
677 909 708 967 id
731 908 810 986 quob
827 908 970 968 Neratius
988 909 1108 969 videtur

123 1008 232 1074 rogasso,

193 1092 239 1158 10.
263 1091 303 1156 D.
315 1091 369 1174 46,
383 1091 414 1175 2,
428 1091 479 1156 32.
515 1089 634 1155 Paulus
653 1091 735 1155 libro
755 1089 860 1173 primo
879 1089 919 1153 ad
936 1088 1106 1155 Neratium

123 1167 159 1256 (P.
175 1177 279 1268 1029).
302 1216 346 1227 -
370 1180 412 1244 Te
437 1179 592 1244 bominem
617 1184 646 1244 et
672 1177 778 1244 Seium
804 1180 902 1243 decem
928 1178 1007 1244 mibi
1033 1180 1107 1244 dore

120 1272 219 1342 orror
263 1268 395 1352 uipulor
421 1268 460 1332 ob
486 1269 581 1333 attero
607 1269 742 1333 uorandi
768 1287 864 1332 roasa
889 1268 936 1333 ito
963 1266 1055 1350 ‘qaod
1080 1272 1107 1333 te

67 1364 69 1373 '
120 1359 166 1417 aot
183 1355 286 1423 Seium
307 1359 383 1423 dare
404 1356 547 1439 oportet:
568 1361 729 1438 utrumqm
749 1360 888 1421 rroootur.

193 1451 367 1528 Sequuntur
387 1451 473 1510 haee:
497 1445 633 1510 ‘Paulusz
656 1448 776 1525 merito,
799 1443 888 1525 quia'.

131 1621 137 1634 .
190 1546 238 1610 11.
262 1542 301 1609 D.
317 1542 369 1625 15,
385 1544 413 1625 1,
427 1542 479 1608 56.
524 1540 644 1608 Paulus
666 1542 751 1607 libro
776 1541 917 1607 secundo
941 1542 981 1606 ad
1004 1540 1104 1608 Nera·

118 1621 182 1695 hum
207 1630 256 1718 (P.
276 1629 388 1719 1033).
409 1667 447 1678 -
474 1631 562 1712 Quod
581 1651 685 1697 sereres
707 1651 792 1696 oreos
810 1651 868 1712 oro
890 1631 1020 1697 debitore
1040 1651 1105 1698 meo

118 1716 180 1783 mibi
202 1721 394 1804 eupromrbit,
425 1740 463 1785 eo
488 1720 609 1803 peculio
634 1721 741 1785 dedooi
766 1719 850 1785 debet
874 1725 904 1785 et
928 1741 950 1785 a
976 1721 1106 1786 debitore

106 1803 201 1874 ‘nitito‘
221 1811 327 1874 minue
352 1807 483 1874 debetur.
532 1811 585 1874 sed
604 1809 776 1893 videamus,
802 1829 841 1873 roe
862 1810 1044 1875 oredemlm
1065 1812 1107 1875 sit

114 1897 250 1968 mature
269 1898 340 1981 fieri
361 1917 471 1963 rrorrrerr
492 1899 572 1983 eirea
592 1917 649 1979 pro
671 1918 730 1979 qao
752 1899 973 1980 repromissum
995 1903 1046 1964 est.

188 1991 362 2068 Sequuntur
383 1993 470 2052 haee:
494 1985 633 2052 ‘Paulum
655 1985 783 2068 utique'.

504 2127 555 2194 De
570 2129 699 2212 perolio.

190 2236 242 2300 12.
267 2234 306 2299 D.
322 2235 372 2318 17,
388 2236 416 2315 1,
431 2235 482 2300 61.
528 2234 649 2299 Paulus
672 2228 755 2298 libro
780 2234 918 2300 seeundo
941 2233 981 2298 ad
1005 2232 1104 2300 Nera·

109 2318 180 2387 tium
196 2321 370 2409 (P.1034).
385 2359 427 2370 -
447 2323 535 2404 Quod
545 2324 612 2405 fibo
622 2323 766 2404 (arnobius
778 2328 814 2387 ut
821 2327 934 2404 poteret
946 2323 1101 2405 mandeti,

106 2414 307 2495 monoqrotus
319 2412 433 2496 eaeor
448 2414 484 2477 de
497 2413 616 2493 peculio
633 2414 719 2477 irrtru
737 2432 855 2477 aaaron
871 2411 989 2475 utiliter
1002 2431 1102 2494 aqom.

186 2505 359 2584 Sequuntur
381 2507 469 2565 haee:
493 2500 628 2564 ‘Pauluez
652 2507 703 2566 sed
727 2509 758 2565 et
780 2524 848 2564 eum
869 2496 953 2564 filio'.

309 2665 344 2726 X.
371 2665 538 2725 Incertae
562 2665 657 2725 sedis
680 2666 890 2741 fragmenta

185 2771 252 2832 Hae
271 2771 435 2831 eollocanbi
452 2772 568 2831 ratione
587 2790 658 2831 usus
677 2791 752 2848 sum,
771 2773 804 2829 ut
822 2770 991 2848 fragmenta
1005 2771 1102 2850 magis

99 2860 136 2919 ad
163 2860 211 2920 ius
240 2858 326 2921 civile
353 2861 534 2936 pertinentia
560 2861 722 2919 seeundum
747 2859 943 2918 Sabinianum
969 2860 1103 2920 ordinem

97 2947 242 3026 disposita
265 2948 452 3025 seiungerem
470 2949 508 3008 ab
531 2949 568 3008 iis
592 2948 699 3025 quibus
721 2947 817 3025 magis
839 2948 887 3007 ius
909 2948 1102 3009 honorarium

97 3040 210 3098 tractat
247 3083 255 3096 .

437 3128 465 3185 1.
495 3123 548 3184 Ad
570 3125 626 3183 ius
650 3124 765 3185 civile.

296 3305 299 3310 ,
467 3225 517 3291 De
539 3227 730 3292 manantis.

414 3337 460 3396 De
481 3338 582 3397 herede
602 3337 782 3397 ostttoerdo.

186 3441 216 3504 1.
249 3436 286 3504 D.
306 3439 358 3522 28,
376 3438 406 3523 5,
424 3438 477 3505 56.
526 3436 645 3502 Paulus
676 3437 761 3502 libro
791 3439 896 3523 primo
929 3437 969 3502 ad
994 3437 1099 3522 legem

93 3527 226 3595 Aeliam
249 3524 393 3592 Sentiam
416 3526 465 3614 (P.
484 3525 574 3611 913).
597 3562 639 3573 -
664 3523 699 3591 Si
725 3527 753 3591 ie
780 3528 835 3613 qui
858 3525 1009 3592 solvendo
1032 3547 1099 3592 non

147 3641 246 3691 Iunium.
261 3640 377 3682 anuhadr.
391 3641 439 3682 reli
453 3641 488 3684 ed.
501 3641 601 3693 qumer.
623 3641 655 3692 11,
669 3641 688 3681 2.
855 3634 888 3683 22
