2422 3976
95 182 138 246 54
165 181 212 237 ΙΠ.
228 180 304 236 GAII
319 179 467 236 CLAUDII
476 178 613 234 NERON.
624 178 766 233 GALBAE
778 178 887 234 ΤΕΜΡ.
896 177 993 232 IURIS
1005 177 1112 235 CONS.

94 345 235 428 pretium
309 348 565 426 argumentoque
579 341 844 407 utunturGraeco
855 345 952 426 poeta
960 339 1111 408 Homero

94 433 149 517 qui
173 431 282 516 aliqua
304 435 397 514 parte
421 431 467 496 sic
490 432 551 495 ait:
575 480 636 498 ...
816 439 819 445 '

183 542 355 620 Sequuntur
377 543 463 602 Iliad.
486 545 511 616 7,
533 544 718 603 eva-475.

187 653 265 719 69⁰?
296 651 383 718 Serv.
406 652 446 717 ad
465 652 583 738 Georg.
602 653 631 735 3,
651 653 724 718 306.
752 688 789 698 —
811 701 840 716 ..
860 650 946 736 apud
965 650 1111 716 maiores

94 765 185 807 omne
213 741 458 807 mercimonium
485 741 519 805 in
542 741 780 826 permutatione
804 740 990 822 constabat,
1021 740 1111 823 quod

95 836 128 895 et
150 829 248 894 Gaius
272 829 446 895 Homerico
471 830 642 895 confirmat
664 830 822 913 exemplo.

181 942 292 1002 Utrum
306 941 442 1002 Cassium
461 960 499 1000 an
518 941 692 1018 posterioris
711 941 821 1000 aetatis
840 938 948 1000 Gaium
967 939 1111 1016 designa·

93 1031 171 1091 verit
190 1030 321 1110 Servius,
339 1032 370 1089 in
388 1030 501 1090 incerto
520 1030 748 1107 relinquendum
766 1031 825 1106 est3
848 1047 918 1088 nam
936 1029 1016 1087 hunc
1035 1049 1111 1106 quo-

94 1139 151 1196 que
173 1139 228 1197 pro
252 1119 429 1198 argumento
456 1137 545 1178 usum
568 1138 634 1179 esse
651 1118 782 1178 Homero
806 1119 935 1178 constat.
980 1117 1058 1177 Inst.
1080 1120 1109 1192 3,

99 1211 171 1269 141.
203 1210 239 1270 cf.
262 1209 386 1268 Pernice
408 1208 424 1266 I
446 1229 475 1285 p.
495 1209 546 1267 85.

182 1320 233 1384 70.
257 1318 328 1383 Gai.
343 1319 372 1401 3,
389 1318 461 1383 140.
486 1354 525 1364 -
551 1318 627 1383 ..si
649 1317 697 1380 ita
719 1317 805 1380 inter
827 1338 887 1381 nos
911 1316 1111 1402 convenerit,

93 1412 130 1472 ut
162 1408 275 1492 quanti
303 1406 408 1471 Titius
440 1428 508 1471 rem
537 1406 769 1486 aestimaverit,
800 1404 888 1468 tanti
917 1405 959 1468 sit
987 1409 1110 1489 empta,

93 1495 201 1561 Labeo
226 1497 359 1579 negavit
381 1495 480 1558 ullam
505 1495 569 1560 vim
588 1495 650 1559 hoc
669 1494 839 1577 negotium
858 1493 991 1575 habere3
1015 1492 1110 1560 euius

94 1584 278 1669 opinionem
303 1582 434 1649 Cassius
458 1584 585 1667 probat.

183 1673 234 1737 71.
258 1671 296 1736 D.
313 1673 364 1756 18,
380 1672 408 1751 1,
422 1672 474 1753 35,
488 1670 519 1736 5.
556 1670 655 1735 Gaius
672 1671 755 1735 libro
770 1669 893 1735 decimo
909 1669 950 1734 ad
964 1668 1108 1734 edictum

92 1760 290 1844 provinciale
313 1757 364 1847 (P.
378 1755 481 1845 238⁰).
502 1795 544 1805 -
567 1758 604 1822 In
628 1758 679 1823 his
703 1780 784 1842 quae
807 1758 948 1842 pondere
970 1779 1107 1824 numero

93 1871 282 1914 mensurave
302 1853 462 1931 constant,
482 1847 584 1912 veluti
602 1848 764 1912 frumento
784 1849 860 1913 vino
875 1849 945 1912 oleo
961 1850 1108 1932 argento,

95 1939 191 2003 modo
216 1959 253 2002 aa
276 1941 446 2002 servantur
469 1957 551 2020 quae
574 1937 609 2000 in
633 1936 757 2021 ceteris,
779 1940 816 2000 ut
835 1936 930 2000 simul
950 1939 1048 2019 atque
1068 1934 1108 2000 dc

95 2028 201 2110 pretio
225 2025 419 2110 convenerit,
443 2025 588 2090 videatur
607 2025 751 2108 perfecta
768 2024 921 2108 venditi0,
944 2023 1042 2089 modo
1062 2028 1107 2109 ut,

96 2117 224 2179 etiamsi
243 2115 281 2179 de
300 2113 405 2199 pretio
425 2114 619 2199 convenerit,
636 2135 703 2178 non
720 2117 831 2177 tamen
849 2114 944 2177 aliter
956 2111 1107 2177 videatur

93 2203 238 2287 perfecta
260 2202 414 2285 venditio,
438 2224 534 2286 quam
559 2202 587 2266 si
610 2202 762 2267 admensa
785 2201 928 2285 adpensa
952 2204 1106 2266 adnume-

93 2296 205 2356 ratave
233 2292 307 2358 sint.
351 2313 428 2355 nam
456 2291 483 2355 si
506 2312 600 2356 omne
624 2291 734 2357 vinum
759 2291 809 2354 vel
833 2290 939 2354 oleum
963 2290 1015 2354 vel
1039 2289 1106 2355 fru-

94 2385 238 2446 mentum
255 2383 307 2445 vel
326 2383 496 2465 argentum
515 2383 808 2463 quantumcumque
822 2383 907 2443 esset
920 2400 984 2442 uno
1000 2380 1106 2461 pretio

92 2471 242 2548 venierit,
269 2469 353 2533 idem
382 2468 460 2532 iuris
488 2472 538 2533 est
564 2468 647 2552 quod
671 2469 705 2531 in
729 2469 844 2533 ceteris
867 2468 972 2531 rebus.
1018 2467 1105 2551 quod

94 2559 123 2623 si
147 2559 258 2623 vinum
281 2559 328 2622 ita
352 2557 497 2637 venierit,
525 2561 562 2621 nt
589 2557 623 2620 in
646 2557 789 2641 singulas
814 2556 1003 2640 amphoras,
1025 2557 1105 2620 item

95 2648 215 2730 oleum,
242 2649 279 2710 ut
306 2647 338 2710 in
362 2644 507 2730 singulos
530 2649 697 2727 metretas,
724 2645 802 2709 item
826 2645 1039 2727 frumentum,
1068 2648 1106 2708 ut

93 2736 127 2799 iu
160 2735 305 2820 singulos
338 2734 476 2819 modios,
508 2735 587 2798 item
614 2737 797 2818 argentum,
829 2737 867 2797 ut
894 2733 928 2796 in
957 2732 1106 2817 singulas

94 2824 193 2888 libras
225 2828 347 2888 certum
380 2824 520 2906 pretium
553 2823 724 2901 diceretur,
763 2820 942 2906 quaeritur,
975 2822 1105 2905 quando

95 2912 241 2976 videatur
270 2911 390 2997 emptio
415 2912 533 2994 perfici.
579 2910 664 2994 quod
688 2911 839 2975 similiter
863 2909 987 2974 scilicet
1010 2932 1105 2994 quae·

94 3000 178 3065 ritur
201 3005 234 3064 et
256 3000 295 3066 de
317 3000 370 3066 his
393 3021 476 3084 quae
499 3021 634 3065 numero
658 3002 817 3081 constant,
841 2999 867 3062 si
889 3020 948 3082 pro
967 3020 1104 3063 numero

95 3111 264 3175 corporum
282 3089 423 3174 pretium
441 3088 539 3152 fuerit
558 3091 723 3152 statutum.
761 3085 899 3152 Sabinus
919 3090 952 3150 et
971 3084 1105 3151 Cassius

95 3184 172 3243 tunc
199 3179 309 3263 perfici
338 3177 534 3261 emptionem
563 3176 763 3258 existimant,
791 3197 863 3240 cum
892 3174 1105 3241 adnumerata

96 3267 249 3332 admensa
272 3268 452 3351 adpensave
476 3265 553 3348 sint,
578 3266 653 3349 quia
675 3265 818 3329 venditio
842 3264 934 3348 quasi
957 3264 1017 3329 sub
1042 3264 1104 3330 hac

95 3356 281 3421 condicione
317 3354 444 3420 videtur
475 3354 558 3438 fieri,
595 3356 632 3417 ut
662 3352 718 3436 <in
750 3354 894 3438 singulas
927 3352 1103 3436 amphoras

95 3445 305 3509 contrahatur
328 3443 405 3526 aut>
428 3441 462 3506 in
486 3443 632 3527 singulos
651 3444 804 3506 metretas
824 3445 881 3505 aut
899 3441 934 3505 in
952 3441 1105 3527 singulos

95 3534 221 3598 modios
252 3553 332 3616 quos
362 3553 481 3617 quasve
509 3531 681 3596 admensus
710 3530 786 3610 eris,
814 3533 871 3594 aut
898 3530 930 3593 in
958 3529 1106 3615 singulas
