2422 3976
96 214 161 284 2138
198 217 231 276 V.
249 216 400 273 NERVAE
418 217 465 272 ΕΤ
485 215 638 271 TRAIANI
655 215 762 272 ΤΕΜΡ.
780 213 878 271 murs
898 212 1078 271 consumi

96 389 185 448 eteo
211 386 294 447 terro
320 381 461 446 nuituis
481 380 601 463 pluuiis
627 380 796 464 inundate,
821 380 872 463 lita
893 379 1018 461 pariete
1045 378 1104 444 eius

97 473 152 555 qui
175 471 325 536 locaverat
345 490 450 535 umore
465 469 648 552 prestituto
671 467 855 554 nadefaoto,
881 468 1027 551 aedificia
1048 487 1103 533 eor·

96 565 234 626 rutrum.
275 559 376 624 Labeo
399 579 437 624 eu
459 559 555 623 locuto
577 559 787 623 tantummodo
809 557 961 623 actionem
978 575 1040 622 esse
1057 556 1102 636 uit,

96 650 172 733 quia
203 669 266 713 non
297 649 368 729 urso
399 648 560 731 mnqestio,
591 648 644 712 sed
673 667 763 712 umor
795 667 833 712 en
860 666 896 711 eo
923 646 1102 728 mnoestrbuo

91 742 199 822 posteo
225 739 338 802 dunno
363 737 472 818 fuerit,
498 737 608 800 domni
629 739 731 800 autern
753 735 892 800 iniuriae
914 736 995 800 aetio
1017 733 1052 798 ob
1071 753 1100 797 eu

97 828 167 910 ursa
197 827 251 910 sit,
281 847 335 907 per
362 845 452 909 quoe,
483 845 546 889 non
572 825 757 889 entrinseous
783 824 850 888 utto
876 843 973 889 ouuso
1000 823 1098 903 obtato,

96 917 210 980 donno
232 916 302 996 quis
324 915 461 994 adfectus
483 918 533 979 est.
578 913 633 978 boe
650 913 753 994 probo.

500 1090 550 1156 Do
571 1091 709 1156 iniuriis.

190 1207 260 1272 153.
293 1206 332 1271 D.
355 1207 408 1290 47,
434 1207 489 1287 10,
510 1206 563 1271 44.
616 1204 788 1270 Iavolenus
823 1205 909 1270 libro
947 1226 1032 1270 nono
1063 1222 1092 1264 ex

99 1296 331 1380 posterioribus
346 1294 514 1360 Labeonis.
528 1330 566 1342 —
582 1293 620 1360 Si
632 1295 816 1376 inferiorum
830 1295 975 1360 dominus
988 1293 1092 1358 audiun
1132 1326 1134 1365 :

98 1383 267 1471 (aeduus)
292 1385 460 1466 supenrn
486 1384 582 1448 uioini
601 1384 780 1466 fumibundi
801 1402 897 1448 eausa
918 1382 1039 1465 fumum
1054 1379 1091 1462 so

98 1479 183 1558 oeret,
206 1477 263 1539 out
281 1475 311 1538 si
333 1473 472 1554 superior
489 1473 609 1538 uicinus
626 1473 661 1537 in
678 1473 840 1552 inferiores
857 1473 947 1538 aedes
964 1468 1091 1554 quidun

94 1563 257 1645 proiecerit
290 1566 347 1627 uui
381 1560 544 1646 infuderit,
580 1565 671 1644 neqot
700 1561 802 1626 Labeo
834 1562 1025 1626 iniuriarum
1051 1553 1090 1637 oui

94 1670 190 1733 posse.
243 1651 324 1731 quod
350 1649 470 1730 futrum
495 1655 587 1736 puto,
612 1651 646 1714 ‘si
668 1655 770 1715 tamen
791 1650 930 1716 iniuriae
950 1645 1088 1732 furum

99 1759 194 1804 eumn
217 1740 392 1805 inmittitur.

189 1850 225 1910 ef.
248 1849 372 1910 Pernioe
394 1839 448 1928 11²,
471 1870 499 1925 p.
515 1851 555 1910 36
580 1871 610 1911 n.
625 1852 653 1910 5.

524 2063 633 2123 Liber
654 2064 690 2124 X.

184 2182 234 2248 De
256 2183 514 2248 entraordinariis
536 2183 719 2264 quibusdum
741 2183 856 2249 delictis
873 2181 1028 2265 priuatis?

192 2298 264 2363 154.
296 2298 334 2362 D.
358 2300 410 2380 46,
435 2300 463 2381 1,
486 2299 538 2362 46.
592 2298 764 2363 Iavolenus
797 2297 882 2363 libro
916 2299 1036 2364 decimo
1062 2310 1089 2354 οἱ

100 2386 333 2472 posterioribus
361 2386 531 2452 Labeonis.
559 2423 603 2434 -
630 2386 709 2453 Onon
739 2389 787 2452 len
813 2387 1032 2453 venditionibus
1055 2399 1089 2446 ou·

100 2496 220 2540 currere
251 2477 390 2555 notuerit,
422 2476 583 2558 fidnoossor
613 2498 730 2559 quoque
759 2477 920 2560 liberatur,
953 2497 985 2541 eo
1010 2468 1090 2554 uouit

102 2566 256 2646 quotuor
279 2566 428 2629 eiusnodi
450 2565 597 2630 oetionern
619 2567 663 2630 ud
683 2587 769 2629 renen
785 2566 972 2648 peruenitur.

191 2693 276 2763 Quod
300 2694 336 2752 de
360 2687 449 2770 ‘tege’
474 2694 664 2772 dictumest,
688 2694 726 2753 ad
749 2713 784 2754 aa
805 2715 924 2772 quoque
943 2713 1015 2772 quae
1031 2687 1091 2764 legis
1131 2732 1134 2741 .

102 2781 196 2840 vicem
214 2783 325 2841 habere
344 2783 513 2861 ereduntur,
537 2784 567 2841 id
586 2787 633 2844 est
652 2785 690 2842 ad
708 2783 849 2859 principis
869 2782 1092 2843 constitutionem

102 2870 151 2928 vel
177 2873 297 2929 sanatus
316 2873 486 2931 consultum
503 2873 653 2948 pertinere
671 2873 845 2932 Iauolenum
865 2874 1008 2932 statuisse
1025 2870 1092 2927 ratus
1131 2856 1134 2887 ¹

102 2962 133 3016 et
164 2958 295 3017 edietum
324 2959 385 3019 divi
412 2960 557 3039 Augusti,
590 2979 648 3037 quo
680 2962 724 3019 rei
754 2961 905 3037 litigiosae
934 2960 1092 3038 emptionem
1132 2970 1134 3007 ;

102 3047 215 3105 nullius
242 3049 386 3107 momenti
413 3067 479 3108 ease
507 3050 652 3108 statuitur
678 3042 728 3127 (fr.
748 3049 784 3108 da
807 3051 873 3108 iure
896 3049 961 3110 fisci
984 3037 1050 3126 §8)
1070 3042 1092 3100 11

102 3138 224 3194 senatus
257 3137 425 3195 consultum
456 3138 532 3196 illud
560 3139 596 3196 de
624 3138 766 3197 aedificiis
793 3157 852 3198 non
882 3138 1029 3198 diruendis
1053 3131 1092 3190 ea

102 3224 226 3283 Hoeidio
250 3223 326 3283 Geta
348 3225 382 3285 L.
406 3226 543 3302 Vageliio
567 3244 624 3286 eos.
649 3221 690 3305 (a.
714 3223 859 3304 44-46)
884 3229 1004 3303 factum,
1030 3214 1092 3298 «1110d
1131 3236 1134 3289 1

103 3314 247 3389 quasdam
266 3313 467 3372 aedificiorum
485 3317 670 3374 venditiones
689 3309 802 3375 ‘irritas
820 3310 897 3375 fieri'
917 3318 982 3378 vult
999 3305 1091 3394 (Brun

103 3401 176 3460 font.
208 3422 236 3476 p.
258 3396 396 3483 190sq.)‚
421 3405 554 3481 aliasque
574 3405 684 3464 similes
704 3398 808 3482 ‘teges’
829 3405 1002 3465 Iauolenum
1018 3393 1091 3474 expli·

104 3506 188 3548 casse
202 3491 378 3565 putaverim.
403 3511 479 3568 quae
493 3493 663 3552 coniectura
677 3494 732 3551 hae
744 3512 777 3552 re
787 3495 1015 3567 commendatur,
1027 3479 1090 3563 (1110d

102 3576 147 3636 ita
162 3579 328 3654 probabilis
348 3599 447 3640 rerum
466 3599 593 3640 conexus
612 3582 805 3660 conspicitur3
824 3601 894 3643 nam
912 3583 962 3661 qui
974 3570 1088 3641 remlifi·
