2422 3976
92 189 159 253 204
180 188 226 246 IV.
242 186 458 243 VESPASIANI
471 187 542 242 TITI
555 186 752 244 DOMITIANI
766 187 875 245 TEMP.
890 186 987 244 mals
1002 186 1106 245 CONS.

92 355 125 416 et
149 350 306 415 Arrianus
334 349 495 435 deferunt,
524 351 551 415 si
579 351 650 435 quis
677 372 778 416 vacua
805 354 898 434 parte
922 349 1037 415 reliota
1058 350 1106 416 ita

92 439 272 504 instituerit
298 439 339 504 ‘si
367 439 448 503 mihi
474 437 567 505 Seius
595 440 688 505 heres
713 462 777 504 non
801 438 884 523 erit',
916 460 1014 525 quem
1039 459 1103 504 non

93 529 295 612 instituerat,
322 526 546 611 ‘Sempronius
569 528 661 594 heres
686 527 777 610 esto',
805 550 847 592 an
870 527 924 593 hie
947 548 1102 611 oeoupare

93 618 198 701 possit
225 621 394 681 vacantem
422 618 613 701 portionem.
664 623 697 683 et
725 616 918 700 Pegasus..
938 617 1102 681 existimat

94 705 135 769 ad
159 727 228 769 eam
252 710 377 789 partem
402 706 538 770 admitti.

356 888 402 947 De
425 889 515 963 leuato
532 906 590 963 per
613 889 843 948 uindicatu'ouem.

183 1007 213 1072 2.
242 1004 313 1071 Gai.
328 1006 358 1089 2,
375 1006 446 1072 195.
472 1043 513 1053 —
538 1006 690 1073 ..Nerva
704 1054 712 1070 .
727 1057 734 1072 .
750 1009 782 1071 et
811 1005 965 1072 Proculus
994 1001 1094 1070 ceteri-

96 1115 158 1180 que
182 1095 269 1159 illius
293 1094 423 1159 scholae
447 1100 594 1161 auctores
617 1117 681 1160 non
705 1095 801 1160 aliter
822 1099 942 1180 putant
962 1089 1093 1177 1111(11.Ι

93 1206 151 1268 per
183 1182 434 1249 vindicationem
464 1182 621 1269 legatam)
656 1183 806 1268 legatarii
837 1183 921 1268 fieri,
953 1178 1091 1266 quamsi

94 1273 234 1337 voluerit
257 1295 328 1337 eam
351 1273 392 1336 111
415 1294 449 1337 se
472 1272 641 1357 pertinere.

427 1454 475 1513 De
496 1455 652 1529 usufructu
674 1455 773 1530 lepore.

184 1564 213 1629 3.
237 1564 275 1628 D.
291 1563 320 1641 l,
338 1563 367 1643 1,
381 1565 410 1645 9,
424 1564 455 1629 4.
491 1563 581 1629 Idem
600 1563 658 1652 (se.
672 1563 846 1649 Ulpianus)
864 1564 950 1631 libro
969 1560 1090 1648 septimo

96 1652 219 1718 decimo
249 1651 291 1716 ad
313 1650 470 1716 Sabinum
492 1650 541 1739 (P.
559 1651 671 1740 2559).
695 1690 738 1700 -
833 1655 861 1718 si
889 1654 995 1718 insula
1016 1648 1089 1715 iuxta

95 1737 230 1804 fundum
262 1741 296 1805 in
326 1740 458 1805 flumine
484 1745 562 1806 nata
589 1743 645 1825 sit,
677 1743 745 1808 eius
773 1764 867 1806 usum
894 1742 1032 1806 fructum
1055 1726 1087 1798 td

95 1828 306 1893 fructuarium
332 1851 399 1893 non
425 1829 585 1913 pertinere
608 1830 752 1914 Pegasus
781 1830 906 1913 scribit,
934 1830 1009 1894 lieet
1032 1841 1088 1910 pro·

95 1917 227 2001 prietati
256 1917 399 2003 aoeedat3
427 1940 496 1982 esse
524 1918 609 1982 enim
637 1920 736 1984 veluti
764 1920 933 2003 proprium
959 1917 1086 1984 fundum,

98 2005 187 2072 ouius
212 2028 289 2070 usus
312 2006 436 2071 fruetus
460 2007 500 2070 ad
524 2010 557 2070 te
581 2028 645 2072 non
668 2008 842 2093 pertineat.

185 2095 215 2158 4.
244 2093 281 2160 D.
303 2096 332 2179 7,
354 2097 380 2174 1,
399 2096 451 2178 25,
471 2096 499 2160 I.
546 2094 705 2179 Ulpianus
733 2096 817 2161 libro
846 2100 961 2161 octavo
984 2091 1088 2158 decim

97 2182 137 2245 111
170 2181 325 2247 Sabinum
358 2181 407 2269 (P.
431 2181 557 2270 routh).
593 2221 631 2230 —
667 2184 784 2261 Quod.
806 2237 811 2249 .
832 2183 971 2249 diximus
1003 2188 1088 2246 111θ

97 2271 266 2337 fructuarii
294 2273 344 2336 vel
373 2295 412 2336 ex
441 2275 547 2357 operis
571 2295 666 2357 posse
691 2274 871 2359 adquirere,
899 2277 1008 2337 utrum
1028 2276 1088 2364 tunt

97 2360 202 2425 locum
230 2362 362 2445 habeat,
390 2362 541 2446 quotiens
568 2363 636 2427 iure
666 2363 792 2447 [legati]
816 2383 894 2426 usus
918 2361 1039 2426 fruetus
1058 2351 1089 2419 ul

46 2480 50 2487 ·
98 2451 301 2534 constitutus,
324 2471 367 2514 an
390 2455 422 2514 et
446 2450 473 2514 si
492 2472 548 2533 per
566 2450 774 2516 traditionem
793 2452 843 2516 vel
863 2449 1090 2533 stipulationem

97 2538 147 2601 vel
176 2539 275 2603 alium
305 2559 536 2623 quemeumque
564 2538 708 2620 modum,
736 2539 919 2603 videndum.
969 2528 1091 2604 aaut

98 2624 214 2709 Pegasi
239 2627 416 2713 sententia,
438 2628 594 2692 ...omni
617 2627 796 2692 fructuario
820 2627 958 2711 adquiri.

417 2809 464 2868 De
485 2811 673 2868 iustrumenta
696 2810 794 2884 teporo.

187 2915 216 2980 5.
249 2916 289 2982 D.
308 2919 360 2999 33,
380 2920 408 2997 7,
429 2920 479 3001 12,
498 2919 529 2984 3.
565 2917 725 3001 Ulpianus
754 2916 837 2983 libro
865 2918 1039 2984 vicensimo
1064 2906 1095 2980 ad

99 3000 254 3068 Sabinum
273 3003 321 3094 (P.
335 3008 449 3093 2609).
468 3042 510 3053 -
531 3006 711 3089 Quaeritur,
735 3029 777 3072 an
795 3029 917 3086 servus,
942 2990 998 3092 qui
1016 2999 1096 3090 quasi

98 3090 231 3158 colonus
254 3095 288 3158 in
313 3117 391 3179 agro
416 3100 496 3180 erat,
520 3097 737 3160 instrumento
761 3096 870 3178 legato
895 3096 1095 3162 contineatur.

98 3185 131 3244 et
154 3180 262 3248 Labeo
291 3190 323 3248 et
346 3185 491 3267 Pegasus
507 3236 513 3249 .
529 3236 536 3249 .
551 3188 763 3269 negaverunt,
792 3184 956 3268 quianon
980 3206 1038 3269 pro
1058 3183 1098 3246 in·

99 3273 277 3337 strumento
304 3274 339 3336 in
366 3272 465 3336 fundo
493 3272 612 3357 fuerat,
645 3272 772 3337 etiamsi
800 3274 917 3338 solitus
944 3273 1049 3338 fuerat
1073 3270 1099 3333 et

98 3356 242 3424 familiae
265 3362 432 3444 imperare.

186 3449 215 3513 6.
253 3447 333 3515 Ibid.
360 3449 451 3529 516.
484 3485 527 3497 —
560 3449 594 3514 si
633 3449 746 3515 domus
785 3450 828 3513 sit
859 3450 1100 3515 instrumentum

98 3533 257 3622 legatum,
284 3536 457 3602 videndum
480 3538 556 3621 quid
579 3540 790 3605 contineatur.
836 3543 870 3603 et
892 3538 1037 3624 Pegasus
1058 3535 1099 3600 ait
