2422 3976
321 250 326 257 Ι
404 180 427 228 7.
451 172 648 229 IUVEN'I'IUS
668 173 800 229 OELSUS
1042 176 1107 240 503

98 341 198 421 parte,
215 340 296 421 puta
314 337 353 422 si,
370 357 444 399 eum
463 336 618 402 dictasset
636 359 674 401 ex
693 337 826 402 semisse
845 338 984 423 aliquem
1005 340 1111 422 scribi,

98 446 136 491 ex
172 425 354 510 quadrante
387 425 431 489 sit
467 427 619 510 scriptus,
657 422 769 491 Celsus
802 426 885 491 libro
919 426 1109 493 duodecimo

98 512 331 591 Quaestionum
350 562 358 578 .
378 563 405 578 ..
426 535 522 597 posse
541 514 667 579 defendi
686 514 733 578 ait
751 537 790 578 ex
809 513 943 580 semisse
962 515 1112 581 heredem

97 604 184 689 fore,
206 602 301 688 quasi
323 603 397 686 plus
420 607 642 687 nuncupatum
668 603 725 689 sit,
748 604 852 668 minus
877 605 1041 687 seriptum.

187 722 374 783 Sententiam
401 725 505 782 auctor
528 724 559 782 in
581 723 776 801 Digestorum
799 743 917 801 quoque
945 724 1036 784 libros
1064 745 1112 785 re-

97 811 192 888 eepit:
221 805 340 871 ‘Celsus
361 812 439 871 libro
463 811 638 871 duodecimo
663 811 890 889 Quaestionum,
918 813 1114 890 Digestorum

96 899 255 960 undecimo
280 891 395 981 (potrus
418 903 500 960 sexto
525 892 655 981 decimo)
755 896 819 960 ait’.

502 1095 609 1154 Liber
631 1096 711 1156 XIX.

512 1207 562 1271 De
585 1207 700 1289 legatis.

187 1320 219 1384 4.
252 1318 292 1384 D.
311 1322 367 1404 34,
386 1322 420 1403 2,
441 1323 495 1403 19,
515 1322 545 1386 3.
595 1321 754 1405 Ulpianus
782 1323 864 1387 libro
893 1323 1045 1387 vicesimo
1071 1322 1111 1387 ad

91 1407 258 1474 ‘Sabinum
288 1405 336 1494 (P.
356 1409 467 1495 2606).
493 1447 531 1456 -
558 1408 732 1475 ..Celsus
760 1410 843 1476 libro
872 1432 958 1476 nono
987 1411 1110 1476 decimo

98 1495 336 1573 Quaestionum
360 1499 495 1583 quaerit,
519 1501 547 1563 si
569 1503 696 1564 eentum
717 1500 823 1584 pondo
844 1501 971 1585 argenti
989 1499 1112 1564 fuerint

96 1586 222 1668 relicta,
244 1608 285 1650 an
303 1588 501 1671 replumbari
521 1588 668 1671 debeant,
687 1591 723 1652 ut
743 1589 789 1653 sie
808 1588 1037 1673 appendantur.
1080 1592 1112 1652 et

97 1673 255 1741 Proculus
291 1679 324 1738 et
355 1672 468 1741 Celsus
501 1677 591 1742 aiunt
624 1680 771 1761 exempto
807 1679 939 1761 plumbo
973 1677 1112 1761 appendi

99 1763 230 1847 debere;
258 1785 333 1828 nam
361 1768 394 1828 et
421 1767 621 1848 emptoribus
649 1766 872 1850 replumbatae
899 1766 1111 1851 adsignantur

99 1857 134 1918 et
157 1852 193 1916 in
217 1853 360 1918 rationes
384 1855 510 1937 argenti
534 1854 660 1938 pondus
685 1855 731 1918 sic
756 1854 907 1919 defertur.

136 2046 143 2059 .
189 1973 354 2032 Mommsen
386 1973 489 2050 potius
521 1967 609 2033 ‘libro
641 1994 718 2034 nono
751 1974 958 2050 Digestorum,
996 1974 1110 2033 decimo

99 2055 330 2132 Quaestionum'
362 2062 519 2139 legendum
553 2081 617 2122 esse
650 2064 770 2137 conicit,
803 2067 908 2139 postea
940 2063 1018 2121 enim
1047 2061 1065 2137 ξ
1092 2066 1109 2123 6

99 2149 225 2228 legitur:
250 2143 366 2208 ‘Celsus
389 2150 465 2209 libro
488 2170 566 2211 nono
590 2152 702 2212 decimo
726 2152 928 2229 Digestorum,
952 2150 1109 2210 Commen-

99 2239 249 2299 tariorum
272 2240 401 2314 septimo
426 2235 550 2300 seribit’.

337 2450 390 2511 IV.
414 2449 757 2513 Commentariorum
781 2454 877 2512 libri.

191 2574 277 2633 Siout
303 2575 342 2634 M.
365 2576 462 2635 Porcii
487 2574 608 2635 (tatonis
636 2577 706 2635 libri
728 2578 764 2635 de
787 2577 853 2635 iure
876 2577 956 2637 uirili
981 2595 999 2634 a
1021 2577 1113 2637 Festo

100 2684 128 2739 p.
150 2665 215 2724 154
243 2657 473 2724 ‘commentarii'
496 2665 691 2742 designantur
714 2656 743 2744 (I
761 2687 790 2741 p.
812 2658 876 2745 21),
899 2666 944 2723 ita
968 2665 1059 2725 Gaius
1083 2672 1114 2725 et

99 2751 330 2812 Institutionum
348 2753 442 2812 libros
462 2757 493 2812 et
511 2755 585 2812 alios
605 2773 674 2813 suos
692 2754 784 2813 libros
801 2748 888 2832 (lust.
904 2757 933 2829 3,
944 2755 984 2813 33
1001 2757 1032 2812 et
1046 2748 1113 2834 54),

100 2839 218 2901 Gellius
246 2844 347 2900 autem
377 2844 426 2915 14,
448 2845 476 2916 2,
499 2846 526 2920 1,
547 2845 565 2900 2
593 2843 717 2901 Masurii
740 2842 843 2901 Sabini
869 2842 962 2901 libros
989 2844 1026 2901 de
1049 2843 1113 2903 iure

99 2930 183 2992 civili
208 2929 335 3006 scriptos
359 2924 609 2991 ‘commentarios’
635 2932 707 2990 dieit
730 2922 784 3010 (II,
800 2934 818 2989 2
833 2952 862 3007 p.
878 2923 965 3010 550).

510 3126 617 3184 Liber
639 3125 706 3184 VII.

357 3235 406 3300 De
429 3236 525 3319 legato
541 3256 600 3318 per
622 3238 860 3301 demutationem.

190 3349 229 3416 D.
239 3351 291 3431 34,
301 3352 330 3434 2,
343 3352 393 3433 19,
403 3353 433 3417 6.
456 3351 614 3435 Ulpianus
625 3351 709 3416 libro
719 3352 893 3417 vicensimo
905 3351 944 3414 ad
957 3349 1112 3416 Sabinum

98 3438 150 3525 (P.
169 3437 284 3526 2606).
316 3476 359 3486 —
392 3488 426 3503 ..
455 3437 567 3505 Celsus
594 3441 679 3505 libro
798 3438 1112 3506 Commentariorum

99 3530 239 3615 septimo
274 3529 387 3595 scribit
420 3551 497 3594 auro
530 3528 639 3614 legato
672 3552 709 3594 ea
741 3551 821 3613 quae
852 3530 1002 3594 inaurata
1027 3535 1112 3612 sunt,
