2422 3976
386 176 410 227 6.
432 168 643 225 IAVOLENUS
661 168 809 225 Pmscus
1034 168 1102 235 423

88 353 196 401 serena
221 352 292 399 aem
317 332 420 399 beredi
445 353 511 398 meo
533 353 688 397 amomum
709 338 819 415 septem
842 353 950 415 operas
971 333 1102 417 solverit,

90 424 167 490 leber
197 421 271 488 esto'
304 427 333 487 et
362 423 392 488 is
421 441 525 487 saras
553 423 639 486 intra
668 426 778 504 septem
805 442 904 487 annos
930 422 966 486 ia
988 422 1102 487 iadieio

82 512 210 597 publico
237 515 312 576 esset
336 515 366 576 et
385 511 530 593 septimas
552 530 655 575 araas
673 511 877 592 praeterisset,
907 510 1033 575 Seroias
1055 512 1104 576 ait

90 622 162 667 eam
193 620 258 666 mom
288 599 415 665 liberari
443 599 556 678 debere,
587 598 703 680 Labeo,
735 603 764 662 et
788 600 818 663 si
840 603 946 681 postea
967 600 1104 664 solvisset

89 709 248 756 armorum
260 693 370 771 septem
383 708 499 770 operas,
518 687 645 752 liberem
657 687 809 768 fatriram.
832 689 913 769 qaod
929 707 1034 752 aeram
1048 693 1099 752 est.

181 778 234 843 85.
261 774 299 842 D.
314 775 382 841 ibid
396 778 417 857 ξ
431 777 462 841 4.
485 813 528 823 -
552 774 600 841 ‘Si
622 776 745 841 Stiebas
767 777 874 840 Attiae
901 777 986 840 mille
1008 797 1100 840 aare

90 887 157 932 mos
188 866 316 943 dederit,
345 865 420 931 laer
451 864 533 930 esto’.
582 866 672 929 Attia
699 865 766 929 vivo
794 870 930 930 testatore
961 866 1101 930 decessit:

90 976 155 1021 aare
177 974 266 1037 posse
289 952 428 1020 Stichum
450 954 579 1018 liberam
601 974 662 1018 esse
684 954 785 1017 Labeo
809 952 921 1035 Ofilius
941 955 1102 1035 responde-

90 1049 183 1121 rant·
208 1043 376 1122 Trebatius,
398 1045 427 1107 si
447 1047 517 1107 ante
536 1047 745 1106 testamentum
760 1042 879 1123 foetam
897 1043 987 1105 Attia
1004 1043 1100 1107 deom-

89 1134 187 1215 sisset,
210 1133 307 1209 idem;
329 1133 491 1214 sipostea,
514 1152 583 1196 eam
606 1131 735 1196 liberam
755 1129 907 1211 saturam.
948 1131 1101 1195 Labeonis

88 1227 119 1287 et
141 1220 231 1303 Ofilii
256 1222 406 1285 sententia
431 1221 584 1284 raama
610 1221 731 1302 paidom
758 1220 858 1303 babet,
884 1220 937 1284 sed
957 1219 1011 1284 boe
1034 1221 1102 1284 iare

88 1312 223 1390 utimar,
244 1314 280 1374 at
301 1310 330 1375 is
351 1329 454 1375 sororis
475 1329 513 1373 ea
536 1313 709 1373 testamento
733 1309 808 1373 tiber
829 1311 879 1373 sit.

181 1398 234 1463 86.
267 1396 306 1463 D.
325 1397 401 1461 ibid.
420 1399 440 1478 ξ
462 1404 491 1462 5.
522 1433 560 1442 —
591 1395 629 1462 Si
657 1417 761 1462 sororis
787 1417 894 1479 operas
921 1396 1100 1480 [eatraaeo]

88 1490 166 1553 dare
192 1488 296 1551 iussas
321 1491 408 1567 esset,
437 1485 641 1570 (satrapias)
661 1486 767 1550 mattas
789 1487 912 1550 nomiae
929 1487 1009 1550 seroi
1026 1506 1101 1551 saas

87 1595 200 1659 operas
230 1576 332 1640 doado
360 1575 489 1640 liberare
515 1595 636 1639 saroam
657 1579 764 1657 potest.
801 1576 882 1656 qaod
910 1576 945 1639 im
966 1577 1102 1657 peeaaia

88 1666 182 1731 aliter
209 1665 397 1742 observatur,
424 1668 524 1745 etprote
550 1684 619 1727 eam
646 1668 809 1728 extraneas
832 1684 891 1745 pro
918 1684 951 1728 eo
979 1662 1100 1749 [servo]

89 1754 195 1819 doado
212 1753 380 1835 pecaniam
402 1772 521 1817 servam
544 1752 692 1816 liberaret.

180 1841 233 1906 87.
256 1840 295 1904 D.
304 1842 357 1920 40,
370 1843 397 1928 1,
406 1841 458 1905 26.
490 1840 660 1905 Iavolenus
679 1841 762 1905 libro
782 1845 897 1924 quarto
915 1863 953 1905 ex
965 1842 1101 1924 posteri-

90 1931 201 1997 oribus
216 1928 385 1994 Labeonis.
401 1965 444 1975 -
458 1929 587 1994 Servum
602 1931 757 2011 furiosam
776 1930 861 1994 ommi
871 1951 978 2011 periere
991 1950 1102 1995 marra·

91 2021 221 2086 mmmmm
243 2020 286 2084 ad
306 2018 474 2083 libertatem
491 2019 620 2100 perduoi
636 2023 731 2100 potat
744 2038 835 2101 posse
859 2018 967 2082 Labeo.

437 2185 487 2251 De
509 2186 629 2251 liberati
650 2208 753 2252 eausa.

180 2292 232 2359 88.
256 2292 296 2357 D.
305 2293 358 2374 40,
371 2294 420 2373 12,
429 2293 482 2357 42.
515 2291 622 2357 Labeo
637 2294 719 2359 libro
735 2289 1100 2376 quartoposteriorum.1

96 2416 130 2429 -
161 2379 199 2447 si
223 2402 333 2446 servus
357 2404 451 2467 quem
475 2402 598 2446 emeras
623 2382 662 2445 ad
685 2381 867 2446 libertatem
890 2380 1101 2464 proclamarit

94 2475 125 2536 eb
142 2470 185 2536 ab
204 2469 310 2534 iudice
329 2491 497 2554 perperam
515 2491 574 2551 pro
594 2492 631 2535 eo
651 2470 825 2534 iudicatum
845 2473 893 2533 est
907 2473 939 2533 et
953 2468 1101 2534 dominus
1184 2508 1189 2517 ·

94 2560 159 2625 eius
177 2559 263 2623 servi
277 2563 353 2642 post
367 2579 434 2622 rem
450 2563 564 2624 eontra
578 2563 610 2624 te
625 2558 798 2623 iudicatam
814 2563 846 2622 te
860 2557 1009 2621 heredem
1024 2557 1101 2622 feeit

95 2652 150 2713 eut
168 2646 234 2712 alio
255 2669 318 2731 quo
338 2647 466 2712 nomine
484 2647 511 2712 is
531 2652 605 2713 tuus
625 2669 694 2712 esse
713 2648 880 2731 coepisset,
899 2649 1008 2731 peiere
1028 2667 1102 2711 eum

93 2738 184 2802 tuum
207 2756 278 2800 erse
301 2736 421 2819 poteris
445 2757 502 2801 nee
524 2736 585 2801 tibi
606 2736 750 2801 obstabit
768 2736 814 2799 rei
832 2735 992 2800 iudicatae
1011 2757 1101 2819 prae·

93 2824 236 2909 scriptio.
281 2822 461 2889 Iavolenus:
485 2825 565 2889 haee
588 2845 664 2888 vera
686 2828 770 2889 sunt.

179 2917 316 2979 Iavoleni
339 2917 503 2978 orationem
526 2918 723 2977 Tribonianus
746 2916 866 2977 videtur
888 2920 1029 2978 mutasse.

386 3080 436 3146 De
457 3083 605 3164 emptione
627 3082 804 3146 venditione.

416 3201 463 3261 De
483 3203 636 3261 hereditate
658 3203 781 3260 oeadita.

180 3303 232 3369 89.
259 3301 299 3367 D.
316 3302 366 3385 18,
379 3302 410 3384 4,
424 3302 477 3365 24.
517 3300 626 3367 Labeo
645 3302 729 3366 libro
752 3307 865 3386 quarto
885 3300 1101 3384 posteriorum

92 3413 112 3456 a
133 3391 287 3457 Iavoleno
311 3391 567 3474 epitomatorum.
587 3428 630 3438 -
647 3390 855 3456 Hereditatem
873 3389 1007 3455 Ooraeiii
1029 3409 1101 3453 oen-

163 3544 178 3592 1
198 3538 422 3594 re.e1evolen0
442 3537 665 3608 epitomatorum.
