2422 3976
997 196 1077 255 XXV

62 365 186 425 llasurii
210 364 321 425 Sabini·
341 363 416 423 iuris
444 363 540 424 civilis
563 365 665 442 libros,
689 364 741 424 sed
765 365 857 424 etiam
883 365 921 424 ad
944 365 1079 426 edictum

39 531 41 534 y
61 454 208 531 praetoris
222 452 424 529 amplissimos
440 453 670 514 commentarios
686 453 887 530 composuisse
900 458 1007 514 notum
1022 459 1077 515 est.

146 543 354 603 Posteriorum
380 560 454 602 vero
490 541 638 602 librorum
669 542 849 619 quibusdam
876 543 1077 605 'l'ribonianus

60 633 180 693 ridetur
202 649 275 691 usus
298 647 363 690 esse
385 630 522 709 integris,
545 631 682 706 inprimis
707 630 837 691 Traiano
859 631 922 692 fere
940 632 1077 709 principe

60 722 161 800 editis,
188 720 305 780 scilicet
325 719 444 780 Neratii
462 723 495 780 et
516 719 659 780 Iavoleni.
705 719 741 779 de
766 721 890 799 reliquis
913 740 975 780 non
997 721 1077 781 idem

61 810 221 870 dicendum
244 812 298 870 est

148 898 278 959 Antistii
292 897 442 957 Labeonis
460 897 582 975 quidem
599 915 695 974 neque
714 896 808 957 libros
827 897 865 956 ad
880 897 938 956 XII
957 898 1077 958 tabulas

60 1006 156 1065 nsque
181 986 221 1047 ad
244 986 341 1046 edicta
363 989 538 1062 praetorum
557 986 605 1045 vel
629 985 769 1045 aedilium
795 987 957 1062 curulium,
980 1006 1076 1064 neque

60 1077 284 1152 Responsorum
306 1075 355 1137 vel
372 1075 583 1151 Epistularum
602 1075 704 1150 libros,
727 1076 763 1133 ut
781 1074 858 1133 alios
877 1075 1023 1150 omittam,
1045 1077 1077 1135 in

60 1165 224 1225 Iustiniani
244 1163 377 1240 Digestis
402 1163 612 1239 componendis
635 1163 716 1238 ipsos
740 1163 891 1223 adhibitos
915 1180 980 1222 esse
1003 1165 1076 1224 satIe

61 1255 191 1331 apparet
210 1246 262 1334 (cf.
280 1252 320 1326 ΙΙ,
341 1256 356 1311 1
378 1272 406 1328 p.
422 1254 473 1312 81.
493 1254 543 1313 84.
564 1254 615 1312 89.
636 1252 687 1312 95.
708 1252 779 1311 145.
801 1245 889 1329 147).
922 1256 1078 1326 praeterea

61 1362 160 1420 neque
180 1361 217 1402 ex
235 1342 385 1400 Πιθανῶν
407 1341 503 1414 libris,
525 1358 705 1418 quamquam
730 1340 762 1399 in
785 1340 884 1400 indice
903 1339 1076 1401 Florentino

59 1433 248 1508 referuntur,
270 1449 368 1507 neque
393 1449 430 1489 ex
453 1429 676 1490 Posterioribus
699 1429 780 1507 ipsis,
804 1430 855 1488 sed
879 1446 915 1488 ex
938 1428 1076 1504 epitomis

58 1522 192 1594 tantum,
215 1519 336 1578 illorum
359 1518 459 1595 Pauli,
482 1520 590 1578 horum
612 1517 760 1596 Iauoleni,
788 1519 959 1596 fragmenta
981 1518 1078 1594 petita

59 1609 203 1668 ridentur
225 1626 289 1667 esse
312 1600 367 1690 (Π,
389 1611 405 1666 1
431 1628 460 1683 p.
477 1610 538 1667 149
559 1610 591 1666 ot
610 1609 681 1667 161.
706 1607 742 1666 cf.
765 1606 797 1666 Π
818 1610 836 1666 2
856 1628 885 1683 p.
904 1599 995 1688 403).

150 1695 234 1755 Idem
259 1697 296 1756 de
314 1696 442 1755 Masurii
461 1695 565 1754 Sabini
588 1695 673 1755 libris
696 1695 890 1755 statuendum
912 1705 968 1773 est,
991 1695 1076 1756 ouius

59 1786 135 1845 iuris
164 1785 261 1845 civilis
283 1784 429 1845 librorum
452 1785 484 1843 in
507 1784 681 1844 Florentino
704 1784 802 1845 indice
824 1784 1017 1844 laudatorum
1038 1804 1075 1844 ne

60 1894 154 1934 unum
174 1874 295 1949 quidem
313 1875 517 1951 fragmentum
532 1873 635 1933 Sabini
653 1873 771 1932 nominc
789 1873 969 1950 iuscriptum
984 1875 1075 1948 extat,

61 1968 93 2022 et
114 1963 153 2022 de
176 1961 280 2022 Cassio
302 1962 455 2040 Longino,
477 1962 560 2021 cuius
584 1961 751 2022 doctrinam
774 1981 810 2021 ex
831 1962 869 2021 iis
892 1960 977 2021 libris
1002 1979 1076 2038 quos

61 2051 224 2121 Iavolenus
242 2070 278 2218 οἷ
297 2049 400 2111 Cassio
414 2051 486 2111 fecIt
500 2069 518 2109 a
533 2051 714 2111 Triboniano
728 2051 855 2126 petitam
870 2068 936 2109 esse
950 2052 1077 2126 apparet

60 2132 74 2222 (
151 2229 197 2288 De
216 2229 337 2288 Proculi
350 2228 558 2304 Epistularum
575 2229 671 2307 libris,
690 2246 870 2305 quamquam
889 2228 978 2303 plura
993 2229 1075 2306 frag·

61 2321 164 2377 menta
178 2317 260 2376 illius
275 2318 393 2376 nomina
408 2321 515 2376 ornata
529 2320 600 2377 sunt
613 2309 667 2395 (ΙΙ,
683 2319 701 2376 2
717 2338 745 2393 p.
759 2313 957 2396 113-129),
973 2320 1077 2376 tamen

60 2405 261 2469 dubitandum
293 2409 353 2482 est,
384 2423 452 2464 cum
482 2405 658 2466 Iauolenum
688 2406 720 2463 in
746 2406 953 2482 Epistolsrum
985 2405 1072 2464 libris

59 2495 182 2555 Proculi
207 2494 367 2569 epistulam
386 2495 525 2554 attulisse
544 2498 659 2554 certum
678 2495 718 2553 sit
736 2486 824 2576 (Π,2
845 2514 872 2570 p.
888 2497 961 2555 464.
985 2486 1076 2574 476),

59 2585 105 2642 ita
122 2586 159 2643 ut
177 2582 391 2642 Tribonianum
412 2584 582 2661 fragmenta
600 2584 736 2643 Iauoleni
753 2583 838 2642 libris
857 2582 964 2642 debere
985 2584 1076 2642 liceat

59 2676 177 2749 putare.
214 2675 371 2747 praeterea
388 2671 498 2731 indicio
515 2672 642 2732 fortasse
661 2676 715 2746 est,
734 2677 812 2748 quod
831 2690 898 2730 oum
912 2671 1075 2731 Proculum

61 2765 129 2820 octo
162 2760 373 2836 Epistularum
410 2759 503 2820 libros
534 2761 735 2836 composuisse
771 2761 867 2820 iudice
899 2760 1074 2820 Florentino

61 2849 208 2921 cudatur,
227 2849 260 2906 in
276 2848 408 2924 Digestis
426 2849 575 2908 undecimi
593 2850 663 2908 libri
681 2851 851 2927 fragmenta
871 2852 974 2908 extant
993 2842 1073 2930 (112

61 2959 90 3014 p.
115 2929 319 3015 128-129),
351 2938 403 3012 qui
435 2938 513 2996 liber
538 2938 637 2998 nescio
665 2957 704 2996 an
730 2938 808 2997 idem
841 2938 882 2997 sit
908 2941 999 3014 atque
1026 2937 1074 2996 Ia·

60 3027 161 3088 voloni
184 3026 262 3084 liber
284 3025 328 3084 XI
350 3026 555 3101 Epistularum
580 3020 630 3106 (cf.
653 3026 693 3104 Il,
718 3028 735 3084 2
761 3047 788 3101 p.
808 3024 1013 3107 484-487),
1044 3027 1075 3085 in

60 3114 241 3192 fragmentis
268 3114 328 3172 illis
356 3114 565 3190 componendis
593 3134 692 3175 errore
720 3116 758 3174 ad
786 3115 947 3175 Proculum
976 3118 1073 3174 trans·

61 3203 200 3278 scriptus.

152 3292 188 3349 ln
215 3290 374 3350 Iustiniani
397 3291 533 3367 Digestis
560 3311 619 3352 non
642 3311 710 3352 raro
734 3293 867 3352 eiusdem
891 3291 999 3368 operis,
1023 3290 1074 3349 sed

62 3380 141 3439 varii
159 3380 331 3457 argumenti
347 3379 518 3456 fragmenta
535 3381 736 3452 inveniuntur,
759 3382 844 3440 velut
861 3381 998 3454 D.50,6,
1011 3380 1073 3438 157

64 3472 95 3528 ot
117 3471 181 3528 242
205 3469 255 3528 vel
277 3469 315 3528 D.
330 3470 381 3547 50,
397 3471 447 3546 17,
464 3470 517 3546 73,
541 3471 573 3528 in
595 3471 703 3547 quibus
729 3468 761 3538 Q.
780 3469 871 3528 Mucii
893 3468 963 3526 libri
987 3465 1074 3544 ὅρων,

67 3558 144 3616 Aelii
168 3556 247 3616 Galli
275 3556 345 3616 libri
372 3557 388 3614 Ι
416 3557 451 3616 de
479 3557 559 3618 verb.
588 3558 700 3636 signifi,
728 3557 862 3616 Iauoleni
888 3556 960 3616 libri
983 3555 1018 3614 II
1040 3574 1080 3616 eu
