2422 3976
191 195 240 252 IV.
259 195 357 262 QUAE
375 194 543 250 RECEPTA
561 194 663 265 SUNT,
682 193 923 250 PLACUERUNT
941 193 1018 249 ETC.
1047 195 1112 260 583

190 359 244 426 47.
280 358 320 424 D.
339 358 414 423 ibid.
434 359 487 442 28,
509 361 535 422 1.
554 396 599 407 —
622 357 657 423 Si
678 380 787 423 servus
812 359 989 423 communis
1013 380 1052 422 ex
1075 380 1110 422 re

100 449 196 513 unius
229 448 402 531 stipulatus
436 448 509 531 erit,
541 447 646 532 magis
669 447 791 530 placuit
813 447 943 532 utrique
977 447 1113 531 adquiri,

91 537 156 622 ⁴scd
185 558 271 619 eum,
296 536 385 600 cuius
413 559 452 600 ex
474 557 507 600 re
530 535 618 600 facta
645 540 695 600 est
723 536 904 620 stipulatio,
928 557 1000 600 cum
1025 536 1112 601 socio

99 625 266 691 communi
302 625 476 689 dividundo
514 631 571 688 aut
607 625 771 689 societatis
798 625 914 689 iudicio
947 625 985 688 de
1018 630 1112 707 parte

98 712 310 798 reciperanda
332 716 417 779 recte
441 717 600 798 acturum3
623 713 771 797 idemque
795 735 864 777 esse
888 713 1056 778 dicendum
1080 718 1112 778 et

98 802 129 868 ai
151 825 193 867 ex
216 802 324 886 operis
348 803 415 866 suis
439 801 533 865 alteri
556 823 595 865 ex
618 802 756 867 dominis
781 824 891 866 servus
916 802 1066 886 adquirit.

188 900 243 966 48.
270 898 339 964 Gai.
364 900 394 982 3,
419 900 490 965 114.
514 935 558 945 -
586 951 618 964 ..
643 921 754 963 servus
779 900 1005 982 adstipulando
1029 899 1112 963 nihil
1208 942 1210 947 =

98 989 179 1073 agit,
207 989 354 1075 quamvis
382 1010 421 1052 ex
450 989 564 1053 ceteris
594 988 743 1052 omnibus
767 989 872 1052 causis
902 989 1112 1071 stipulatione

98 1076 233 1143 domino
266 1077 423 1160 adquirat.
472 1076 556 1140 idem
589 1077 627 1140 de
656 1098 693 1140 eo
722 1076 776 1160 qui
803 1077 836 1140 in
864 1079 1025 1161 mancipio
1054 1084 1127 1161 cst,

97 1164 206 1251 magis
231 1166 365 1248 placuit3
388 1187 463 1229 nam
488 1170 520 1229 et
542 1167 569 1229 is
594 1167 678 1228 servi
701 1166 772 1230 loco
796 1172 853 1229 est.

188 1263 242 1329 49.
289 1262 359 1330 Gai.
388 1264 418 1346 3,
448 1262 520 1328 158.
545 1298 586 1310 -
695 1264 889 1346 generaliter
920 1265 1042 1346 placuit
1071 1265 1111 1329 ab

97 1351 230 1418 heredis
253 1374 393 1435 persona
416 1351 647 1436 obligationem
670 1352 811 1435 incipere
834 1374 900 1417 non
922 1375 1026 1435 posse.

434 1546 484 1612 De
504 1548 561 1611 rei*
573 1547 783 1611 vindicatione.

189 1670 242 1736 50.
278 1669 317 1736 D.
342 1672 371 1750 6,
397 1674 424 1755 1,
447 1671 498 1737 56.
531 1669 621 1734 Idem
652 1669 708 1757 (sc.
732 1669 891 1759 Iulianus)
914 1673 998 1738 libro
1022 1674 1112 1756 quin-

95 1759 312 1845 quagensimo
337 1764 451 1824 octavo
474 1760 691 1844 Digestorum.
717 1797 759 1806 —
779 1760 964 1827 Vindicatio
987 1784 1052 1827 non
1075 1767 1112 1827 ut

97 1848 219 1934 gregis,
242 1849 290 1913 ita
312 1853 345 1912 et
367 1849 484 1932 peculii
507 1852 636 1932 recepta
659 1852 718 1913 est.

189 1945 242 2010 51.
288 1945 359 2010 Gai.
382 1946 413 2027 2,
437 1946 488 2011 11.
518 1982 556 1991 -
592 1946 681 2022 Quae
705 1947 852 2028 publicae
881 1951 965 2032 sunt,
992 1948 1112 2013 nullius

96 2034 252 2100 videntur
273 2034 307 2099 in
331 2034 425 2100 bonis
450 2034 532 2099 esse:
556 2035 659 2118 ipsius
684 2034 768 2099 enim
796 2036 1015 2100 universitatis
1042 2059 1112 2101 esse

96 2123 283 2189 creduntur.

335 2247 386 2313 De
408 2249 595 2329 adquirendo
617 2262 722 2313 reram
744 2249 889 2313 dominio.

189 2379 242 2446 52.
274 2378 345 2444 Gai.
368 2382 398 2463 2,
422 2381 473 2444 91.
506 2417 550 2426 -
583 2379 630 2444 De
662 2381 712 2445 his
736 2431 770 2446 ..
794 2382 894 2445 servis
926 2381 960 2445 in
992 2382 1110 2466 quibus

97 2472 231 2533 tantum
258 2469 492 2534 usumfructum
522 2469 692 2554 habemus,
720 2470 767 2534 ita
794 2471 929 2553 placuit,
958 2474 993 2533 ut
1021 2472 1111 2554 quid-

97 2557 179 2643 quid
207 2579 245 2622 ex
277 2579 311 2621 re
344 2562 455 2621 nostra
487 2558 538 2621 vel
567 2580 605 2622 ex
634 2560 740 2643 operis
769 2559 836 2622 suis
865 2559 1050 2642 adquirant,
1078 2562 1111 2624 id

98 2646 194 2711 nobis
231 2646 434 2730 adquiratur3
467 2646 552 2730 quod
588 2669 663 2711 vero
702 2651 791 2711 extra
824 2670 878 2712 eas
912 2669 1042 2730 causas,
1078 2649 1110 2712 id

98 2735 141 2799 ad
165 2733 333 2800 dominum
357 2735 567 2819 proprietatis
591 2736 759 2818 pertineat.

188 2832 241 2898 53.
267 2831 336 2897 Gai.
361 2834 391 2916 2,
414 2833 466 2896 92.
493 2869 531 2878 -
552 2831 642 2896 Idem
661 2835 768 2916 placet
787 2835 824 2896 de
844 2855 881 2897 eo
902 2834 958 2917 qui
977 2856 997 2896 a
1015 2835 1109 2898 nobis

99 2920 187 2985 bona
209 2921 272 2984 fide
294 2921 487 3004 possidetur,
511 2921 577 2984 sive
596 2922 677 2985 liber
697 2923 740 2986 sit
760 2921 827 2985 sive
847 2923 970 2986 alienus
991 2944 1110 2987 servus.

98 3011 187 3093 quod
215 3010 301 3073 enim
334 3010 456 3093 placuit
484 3010 522 3073 de
550 3010 805 3092 usufructuario,
837 3011 923 3075 idern
955 3012 1111 3093 probatur

101 3097 200 3162 etiam
226 3098 264 3162 de
289 3098 392 3162 bonae
415 3098 489 3161 fidei
512 3120 706 3180 possessore.
833 3142 834 3145 =

189 3197 242 3261 54.
270 3193 340 3259 Gai.
364 3197 394 3278 3,
419 3196 490 3260 166.
512 3231 551 3241 -
577 3243 607 3260 ..
631 3195 686 3279 qui
709 3196 829 3260 nudum
857 3197 907 3260 ius
937 3196 1110 3272 Quiritium

98 3284 134 3348 in
163 3305 255 3348 servo
284 3283 392 3367 habet,
420 3284 496 3348 licet
519 3284 667 3349 dominus
692 3285 744 3369 sit,
767 3285 874 3349 minus
898 3289 1006 3349 tamen
1030 3286 1108 3351 iuris

98 3372 134 3436 in
163 3395 200 3438 ea
232 3394 265 3437 re
294 3373 413 3437 habere
442 3372 643 3457 intellegitur
671 3395 767 3457 quam
795 3373 1052 3438 usufructuarius
1077 3378 1110 3439 et

98 3462 204 3526 bonae
231 3461 307 3526 fidei
335 3483 511 3545 possessor.
557 3483 632 3525 nam
655 3464 762 3545 placet
785 3484 824 3526 ex
846 3462 936 3526 nulla
959 3485 1055 3527 causa
1079 3464 1108 3527 ei

98 3550 227 3635 adquiri
249 3572 353 3635 posse.
