2422 3976
495 163 519 214 2.
539 155 700 213 Pnousus
1035 157 1100 223 205

115 313 340 385 instrumentum
355 320 469 385 domus
483 321 516 385 id
531 342 610 402 esse,
625 320 710 405 quod
723 321 929 404 tempestatis
945 320 1101 386 arcendae

117 407 160 468 aut
173 408 305 473 incendii
325 430 423 474 causa
440 413 581 493 paratur,
600 430 665 472 non
686 410 770 493 quod
786 410 964 493 voluptatis
983 410 1100 494 gratia.

117 490 202 583 itaque
217 518 320 582 neque
339 499 519 585 specularia
536 519 640 583 neque
658 498 738 583 vela,
757 519 839 581 quae
857 498 987 583 frigoris
1002 519 1100 563 causa

117 581 155 731 Bel
179 587 307 653 umbrae
338 588 375 652 in
406 587 502 653 domo
534 591 626 671 sunt,
656 586 775 651 deberi.
825 608 906 669 quae
938 586 1100 653 sententia

138 673 199 737 asii
218 674 287 739 fuit.

184 763 211 828 7.
244 762 328 829 Ibid.
359 765 455 843 §lit
494 799 531 811 -
571 763 710 829 Acetum
747 784 885 849 quoque,
924 763 1009 848 quod
1048 785 1100 828 ex-

120 845 275 934 stinguendi
302 851 442 916 incendii
469 874 566 918 causa
595 857 740 936 paratur,
774 853 853 917 item
880 858 1032 918 centones
1061 853 1100 916 si·

120 929 201 1003 lones¹
231 946 265 1005 et
298 940 475 1006 formiones
503 946 536 1006 et
565 941 717 1027 spongias
747 946 779 1006 et
807 963 897 1006 amus
926 946 958 1005 et
986 962 1100 1025 scopas

120 1028 250 1094 ursmari
271 1029 416 1117 plerique
439 1034 471 1095 et
494 1030 637 1115 Pegasus
662 1031 760 1094 aiunt.

444 1213 491 1272 De
508 1214 622 1288 peculio
645 1214 745 1287 deputo.

184 1323 210 1388 8.
231 1321 271 1386 D.
286 1323 340 1408 33,
354 1323 383 1402 8,
397 1323 427 1404 6,
441 1323 472 1387 4.
507 1321 668 1406 Ulpianus
688 1323 771 1386 libro
792 1322 966 1387 vicensimo
987 1322 1100 1407 quinto

120 1401 308 1503 libabinum
327 1409 375 1495 (P.
394 1409 507 1499 2680).
528 1447 567 1458 -
588 1412 642 1475 An
664 1417 697 1475 et
721 1410 806 1495 quod
830 1410 979 1476 dominus
1003 1411 1101 1496 scrip-

120 1502 192 1562 usu
207 1520 241 1565 se
260 1521 354 1565 servo
369 1499 494 1583 debere,
511 1500 638 1583 peculio
652 1500 761 1584 legato
777 1499 924 1564 eederet?
957 1499 1101 1585 Pegasus

117 1590 205 1672 lugam
226 1587 313 1653 idem
336 1586 454 1658 Nerva.

184 1677 211 1742 9.
239 1676 279 1743 D.
295 1676 346 1759 15,
360 1678 393 1759 2,,
407 1678 434 1759 1,
449 1679 480 1743 7.
523 1677 683 1760 Ulpianus
709 1677 792 1743 libro
816 1677 991 1743 vicensimo
1015 1699 1100 1743 nono

117 1755 146 1821 ll
162 1764 299 1833 edictum
322 1763 370 1852 (Ρ.
387 1763 475 1853 859).
497 1803 537 1814 -
561 1768 656 1831 ...si
674 1788 747 1830 oum
765 1767 889 1850 peculio
909 1767 960 1831 vel
980 1766 1102 1850 legavit

116 1847 153 1912 vel
175 1853 310 1919 liberum
338 1875 407 1919 esse
434 1855 530 1920 iussit
556 1851 793 1942 (scamnum),
820 1856 1017 1939 quaestionis
1040 1856 1103 1919 fuit

115 1925 157 2015 (⁸0.
173 1964 210 2007 an
231 1945 267 2007 in
284 1942 479 2008 alienatione
499 1944 718 2026 accipiendum
737 1942 803 2029 sit).
844 1947 876 2006 et
896 1943 976 2007 mihi
995 1945 1102 2007 verius

114 2022 218 2095 videtur
245 2053 312 2096 non
340 2031 478 2097 dandam
505 2054 608 2116 neque
631 2033 664 2096 in
688 2032 918 2096 manumissum
942 2053 1043 2115 neque
1068 2033 1102 2095 in

114 2126 169 2183 tum
194 2119 245 2185 cui
273 2121 416 2205 legatum
445 2122 487 2185 sit
517 2119 689 2205 peculium,
717 2122 755 2184 do
783 2121 908 2204 peculio
932 2123 1102 2185 actionem.

67 2236 69 2251 ι
113 2215 238 2294 mergo
266 2211 416 2274 teneatur
442 2208 557 2274 heres?
603 2214 636 2273 et
664 2210 710 2273 ait
735 2207 893 2274 Caecilius
917 2205 1101 2296 (Caeliusi)

112 2285 203 2381 tueri,
226 2298 302 2383 quia
324 2298 484 2383 peculium
507 2319 605 2382 penes
630 2319 703 2362 eum
726 2298 781 2381 sit,
810 2297 866 2380 qui
889 2296 1045 2360 tradendo
1069 2298 1102 2360 id

111 2370 249 2467 legatario
279 2407 312 2451 se
340 2387 498 2452 liberavit.
547 2386 692 2470 Pegasus
720 2391 827 2450 autem
857 2386 962 2450 caveri
990 2384 1103 2449 heredi

112 2463 207 2540 debere
235 2475 283 2539 ait
306 2475 347 2539 ab
372 2496 423 2559 eo,
451 2476 502 2540 cui
525 2476 685 2560 peculium
709 2476 853 2559 legatum
877 2475 934 2558 sit,
962 2474 1039 2558 quia
1062 2472 1102 2537 ad

111 2573 166 2627 uum
188 2564 323 2628 veniunt
345 2563 527 2629 creditores.

441 2722 491 2787 De
512 2723 762 2805 fideicommissis.

183 2838 234 2903 10.
271 2836 310 2901 D.
334 2838 386 2919 31,
408 2838 461 2920 43,
483 2839 513 2902 2.
567 2837 766 2921 Pomponius
803 2837 887 2902 libro
927 2838 1025 2903 tentio
1063 2838 1102 2903 ad

106 2920 249 3000 Quintum
272 2924 416 2992 Mucium
438 2925 489 3010 (P.
508 2924 597 3010 228).
621 2963 663 2974 -
686 2925 829 3011 Pegasus
857 2927 971 2991 solitus
998 2927 1105 2992 fuerat

103 3011 308 3102 distinguere,
336 3016 365 3080 si
392 3015 425 3078 in
454 3014 539 3079 diem
567 3014 850 3082 fideicommissum
879 3016 1028 3081 relictum
1052 3016 1104 3097 sit,

101 3104 193 3169 ueluti
211 3107 289 3189 post
307 3125 409 3168 annos
428 3103 546 3186 decem,
569 3104 733 3189 interesse,
751 3102 840 3168 cuius
859 3125 957 3168 causa
975 3108 1102 3185 tempus

100 3189 231 3258 dilatum
255 3192 309 3274 sit,
330 3196 482 3257 utrumne
504 3193 640 3275 heredis,
663 3214 726 3277 quo
750 3213 827 3257 casu
849 3191 999 3257 heredem
1023 3192 1103 3254 fruc·

97 3283 163 3347 tum
186 3281 328 3346 retinere
351 3280 474 3365 debere,
500 3304 541 3346 an
563 3281 722 3366 legatarii,
744 3281 844 3345 veluti
867 3281 951 3345 siin
974 3285 1100 3362 tempus

94 3367 277 3456 pubertatis
300 3370 329 3434 ei
352 3371 406 3454 qui
423 3369 571 3453 impubes
592 3371 635 3435 sit
653 3370 935 3434 fideicommissum
954 3367 1102 3432 relictum

165 3533 181 3583 1
200 3525 250 3583 Fi.
268 3524 391 3596 perticae
414 3543 524 3596 quoqne
548 3529 576 3581 et
595 3526 687 3582 scalae
705 3543 738 3582 ec
756 3525 830 3596 §22
849 3525 1007 3580 bucellato.
