2422 3976
94 189 162 254 440
198 189 231 244 V.
250 187 400 244 NERVAE
418 187 465 243 ΕΤ
483 187 635 243 TRAIANI
654 188 762 244 ΤΕΜΡ.
780 187 879 245 Iulus
899 187 1079 249 consumi

94 358 171 417 libro
189 356 245 415 XV
268 356 305 416 da
325 356 416 416 furtis
437 355 551 416 dietum
569 357 663 417 inissa
682 360 815 435 apparet.
853 357 913 416 alia
932 361 1005 419 snnt
1022 359 1105 434 plane

94 447 222 524 ineerta,
253 446 382 507 fortasse
415 444 448 504 in
478 446 691 505 nonnullorum
718 446 960 523 fragmentorum
986 447 1104 524 inserip-

93 534 227 595 tionibus
258 534 404 594 librorum
435 535 551 594 numeri
583 535 716 611 corrupti
743 537 821 594 sunt
867 534 1052 614 ubieunque
1073 537 1103 607 de

95 642 208 684 conexu
240 623 316 682 nihil
347 623 423 682 eerti
453 624 518 683 erui
549 625 662 699 potest,
693 623 866 702 fragmenta
891 625 936 684 ita
964 624 1102 702 disposui,

94 715 129 772 nt
151 731 199 772 rss
222 712 375 772 commode
398 712 601 772 exhibeantur.

524 933 633 993 Liber
655 933 678 993 I.

472 1051 521 1117 De
544 1053 736 1117 testamentis.

347 1170 403 1246 Qni
425 1175 592 1232 testamenta
614 1173 712 1246 faeere
728 1174 861 1248 possint.

187 1281 228 1347 1?
256 1281 296 1346 D.
314 1282 368 1366 28,
386 1283 417 1365 2,
436 1283 511 1367 bpr.
557 1281 718 1366 Ulpianus
745 1284 831 1349 libro
858 1285 956 1349 tertio
985 1283 1024 1349 ad
1052 1280 1093 1347 Sa·

98 1371 220 1436 binum.
244 1408 286 1416 -
309 1374 405 1436 ..est
428 1371 620 1455 quaesitum,
644 1393 685 1436 an
708 1372 736 1436 is
760 1372 816 1457 qui
840 1388 996 1458 generare
1014 1369 1093 1438 feoile

95 1481 162 1525 non
181 1460 295 1544 possit,
312 1463 500 1544 postumum
520 1459 669 1532 heredem
688 1458 793 1525 faeere
812 1463 926 1546 possit,
946 1465 979 1527 et
996 1457 1092 1527 seribii

98 1545 231 1613 Cassius
255 1553 288 1611 et
306 1547 477 1613 Iavolenus
501 1570 609 1634 posse,
633 1571 708 1614 nam
732 1554 765 1614 et
787 1573 919 1616 uxorem
944 1551 1053 1616 ducere
1067 1547 1091 1608 el
1132 1598 1134 1603 -

97 1637 250 1719 adoptare
282 1640 406 1722 potest,
439 1637 615 1720 spadonem
647 1659 773 1722 quoque
801 1660 896 1724 posse
925 1645 1089 1725 postumum

95 1725 247 1799 heredem
263 1726 402 1790 seribere
416 1730 450 1790 et
465 1725 571 1791 Labeo
587 1732 620 1791 et
634 1725 765 1793 Cassius
780 1727 937 1808 scribunt,
955 1727 1089 1812 quonian

98 1835 156 1879 nee
180 1819 270 1878 aetas
293 1836 352 1879 nee
377 1815 531 1880 sterilitas
555 1816 585 1880 ei
608 1816 656 1881 rei
678 1815 909 1900 impedimento
934 1822 991 1882 est

390 2015 438 2074 De
459 2017 608 2077 heredibus
630 2019 820 2100 instituendis.

187 2125 216 2189 2.
240 2123 279 2188 D.
294 2124 390 2208 28,5,
406 2128 456 2190 14.
498 2125 671 2190 Iavolenus
695 2126 779 2191 libro
802 2127 908 2211 primo
932 2151 971 2192 ex
989 2123 1089 2192 Cassio.

102 2251 139 2259 —
162 2214 199 2279 Si
221 2216 291 2295 qais
312 2214 431 2278 heredes
455 2215 499 2278 ita
523 2216 671 2279 institnit:
697 2215 813 2280 ‘Titias
832 2236 870 2279 ex
886 2222 979 2298 porte
994 2215 1089 2298 prim

100 2301 190 2367 Seios
213 2323 250 2366 en
268 2308 359 2384 parte
380 2306 522 2380 seeundo,
546 2303 691 2369 Maevius
713 2325 750 2368 es
766 2309 859 2386 porte
881 2308 980 2383 tertia,
1003 2298 1090 2383 sani·
1132 2360 1134 2377 ,

98 2393 164 2456 sins
186 2412 222 2455 es
239 2397 332 2473 parte
353 2397 466 2472 onorio
489 2393 608 2457 heredes
630 2392 745 2477 sunta',
773 2414 887 2474 aeqrroe
903 2399 1009 2477 partes
1028 2392 1090 2455 nere
1132 2388 1134 2427 ³

98 2482 205 2545 ditatis
224 2483 266 2544 ad
283 2481 437 2545 institutos
451 2482 652 2563 pertinebant,
675 2484 750 2563 qnia
769 2487 893 2547 testator
910 2482 1091 2565 appellatione
1132 2498 1134 2503 ·

98 2571 236 2633 nnrrreris
254 2571 422 2651 scripturae
440 2573 540 2652 mapis
558 2573 703 2648 ordinem,
721 2593 816 2654 qnam
829 2574 955 2636 modeim
968 2570 1091 2654 partim

98 2659 277 2739 imposuisse
298 2660 423 2722 violetur.

188 2748 216 2810 3.
241 2746 278 2809 D.
295 2748 347 2828 28,
362 2747 392 2830 5,
407 2748 459 2812 64.
499 2746 670 2811 Iavolenus
694 2748 776 2813 libro
801 2749 908 2832 primo
933 2772 972 2814 ex
990 2744 1091 2814 Cassio.

98 2869 143 2879 -
162 2835 297 2900 Heredes
315 2837 381 2900 sine
392 2836 537 2917 partibas
555 2841 660 2900 ntrnm
679 2838 866 2901 eoninnetim
883 2859 927 2902 an
945 2835 1091 2920 separatim

99 2923 282 3001 scribantur,
310 2924 364 2988 boe
391 2926 525 3006 interest,
552 2927 643 3006 qaod,
669 2927 698 2990 si
720 2927 790 3007 qnia
811 2947 849 2990 en
872 2927 1036 2991 coniunctis
1054 2921 1090 2986 a·

100 3012 195 3094 cessit,
218 3032 281 3075 non
304 3015 347 3077 ad
368 3034 478 3091 omnes,
501 3015 553 3077 sed
574 3015 764 3095 adre'liqaos
781 3017 837 3096 qni
853 3009 1092 3081 coniunctiorem

93 3102 243 3183 pertinet·
275 3103 325 3164 sin
353 3108 455 3165 antem
480 3123 516 3166 en
542 3104 706 3185 separatis,
733 3105 777 3167 ari
802 3124 918 3183 omnes,
945 3106 999 3186 qni
1023 3101 1090 3165 mn

98 3194 198 3253 mento
221 3191 321 3253 eodem
344 3192 450 3273 scripti
472 3196 546 3254 sant
567 3192 699 3271 heresim,
715 3194 819 3275 portio
842 3195 909 3258 eins
925 3193 1056 3275 pertinet

190 3279 217 3342 4.
247 3276 285 3341 D.
300 3279 352 3362 28,
367 3280 397 3360 2,
412 3280 441 3343 5.
487 3279 658 3344 Iavolenus
686 3280 769 3344 libro
799 3283 903 3364 primo
928 3305 966 3346 ex
989 3273 1089 3345 Cassio

103 3403 140 3412 -
166 3368 290 3450 ideoque
312 3369 366 3448 qni
386 3373 563 3448 postumam
586 3369 723 3433 hosdem
741 3371 878 3435 institnit
895 3373 1005 3452 sipost
1020 3367 1088 3431 asn-

100 3461 235 3520 mentam
256 3456 375 3536 foetam
393 3458 526 3521 mntaoit
543 3459 788 3541 matrimonium,
810 3460 838 3524 is
856 3461 1012 3525 institutas
1027 3450 1088 3519 otte

100 3549 160 3622 tin,
182 3547 236 3625 qni
258 3566 295 3609 en
312 3546 478 3627 posteriore
501 3548 698 3611 matrimonio
720 3553 814 3614 notas
836 3554 887 3613 est.
