2422 3976
99 203 142 265 22
168 202 215 258 ΙΠ.
231 201 305 257 GAII
320 200 466 256 CLAUDII
480 200 614 256 NERON.
626 201 768 256 GALBAE
779 202 887 256 ΤΕΜΡ.
898 201 995 256 IURIS
1006 201 1110 259 CONS.

186 368 360 448 Sequuntur
391 370 477 428 haec:
512 363 667 427 ‘nimirum
693 373 796 429 autem
824 369 928 429 Sabini
956 373 987 428 ei
1015 368 1112 429 Cassii

97 457 246 538 collectio,
274 478 365 535 quam
392 461 424 517 ei
448 458 507 534 ipsi
534 458 678 535 reddunt,
705 459 760 517 illa
787 462 847 536 est,
875 458 955 534 quod
981 459 1112 518 codicilli

97 568 152 623 pro
174 549 261 623 parte
285 547 458 607 testamenii
475 547 625 606 habentur
644 548 942 622 observationemque
962 548 1112 626 allegem

96 637 170 696 iuris
192 635 262 695 iude
284 637 428 695 traditam
449 639 579 697 servent.
616 655 671 712 ego
691 639 793 695 aulem
812 636 907 695 ausim
928 637 1113 696 senientiam

96 723 221 785 Proculi
238 724 427 786 verissimam
450 719 568 784 dicere'.

186 851 222 909 ef.
245 850 313 908 111
338 869 367 925 p.
383 851 456 910 esc.

427 1018 474 1077 Dc
496 1019 652 1091 usufructu
675 1018 774 1092 leuato.

184 1139 214 1202 3.
237 1137 276 1202 D.
292 1139 321 1221 7,
336 1140 365 1217 1,
381 1139 432 1221 12,
445 1139 475 1201 2.
516 1135 676 1219 Ulpianus
704 1138 788 1201 libro
818 1138 956 1220 septimo
981 1138 1108 1203 decimo

97 1226 136 1289 ad
156 1224 311 1291 Sabinum
334 1224 384 1312 (P.
399 1221 511 1312 2572).
530 1260 575 1271 -
593 1223 860 1290 Usufruotuerius
883 1228 934 1291 vel
952 1227 1025 1310 ipse
1043 1226 1111 1292 frui

96 1337 133 1379 ea
163 1337 198 1378 re
226 1315 278 1378 vel
306 1314 363 1378 elii
394 1314 563 1379 fruendam
591 1314 763 1378 concedere
791 1311 841 1399 (in
862 1313 933 1378 iure
957 1313 1109 1402 cederel)

94 1403 146 1467 vel
169 1404 274 1467 locare
298 1403 348 1466 vel
365 1404 502 1467 vendere
525 1406 646 1486 potest3
669 1424 744 1466 nam
764 1404 796 1467 ei
814 1403 869 1485 qui
888 1404 975 1468 local
994 1405 1109 1488 utitur,

96 1496 129 1556 ei
152 1492 207 1574 qui
225 1491 336 1555 vendit
358 1491 468 1555 utitur.
514 1491 570 1556 sed
594 1498 626 1555 et
649 1491 677 1554 si
701 1491 758 1556 alii
780 1492 926 1576 precario
952 1493 1110 1557 concedat

96 1581 142 1665 (in
164 1581 232 1643 iure
256 1578 388 1664 cedatl)
417 1581 468 1643 vel
495 1579 606 1661 donet,
634 1584 715 1662 puto
744 1602 817 1644 eum
840 1581 889 1644 uii
913 1585 1012 1664 atque
1037 1581 1109 1647 ideo

94 1668 233 1732 retinere
265 1690 357 1732 usum
391 1667 544 1750 fructum,
577 1673 610 1732 ei
641 1670 704 1733 hoc
736 1667 866 1733 Cassius
899 1673 932 1733 ei
962 1668 1109 1754 Pegasus

93 1756 339 1840 responderunt.

183 1846 212 1908 4.
237 1845 275 1908 D.
291 1845 364 1927 7‚4,
381 1845 431 1928 10,
446 1844 476 1909 5.
521 1843 680 1927 Ulpianus
708 1845 792 1909 libro
816 1846 957 1928 sepiimo
982 1845 1109 1912 decimo

95 1933 135 1998 ad
169 1931 324 1998 Sabinum
356 1930 406 2019 (P.
425 1931 536 2018 2555).
566 1969 609 1982 -
642 1930 678 1997 si
710 1955 836 1998 massae
868 1956 947 1998 usus
980 1933 1108 2000 fructus

94 2023 219 2106 legetur
247 2026 279 2086 el
307 2044 345 2086 ex
374 2043 412 2086 ea
438 2044 518 2087 vasa
544 2023 610 2085 sint
631 2021 720 2087 facta
743 2024 793 2086 vel
816 2026 944 2104 contra,
973 2021 1108 2089 Cassius

94 2111 179 2195 apud
203 2110 353 2176 Urseium
377 2110 491 2176 scribit
512 2110 641 2174 interire
665 2133 759 2175 usum
782 2111 931 2176 fructum.

183 2231 261 2301 Quid
300 2230 393 2292 verba
429 2225 563 2290 ‘Cassius
601 2232 682 2307 apud
718 2231 859 2291 Urseium
896 2227 1013 2290 scribii'
1051 2233 1109 2293 sibi

94 2320 201 2397 velint,
224 2320 282 2380 viri
305 2320 386 2379 docti
408 2320 495 2381 valde
518 2320 666 2380 dubitant.
707 2321 745 2381 H.
764 2321 887 2379 Pernice
910 2321 992 2380 Misc.
1012 2341 1042 2397 p.
1057 2323 1109 2382 57.

94 2408 235 2469 Karlowa
256 2409 281 2489 Ι,
302 2411 375 2469 694.
420 2409 556 2485 Krueger
577 2430 606 2485 p.
628 2410 689 2470 155
714 2430 743 2469 n.
764 2411 814 2469 64.
859 2409 986 2468 Urseius
1010 2408 1109 2470 Cassii

94 2499 273 2557 sententiam
296 2497 449 2556 rettulisse
473 2497 604 2571 videtur,
627 2498 770 2557 nimirum
792 2517 969 2574 responsum
992 2498 1106 2558 litteris

95 2586 208 2646 datum.
237 2587 273 2645 de
289 2585 385 2645 Cassii
403 2586 478 2646 iuris
494 2586 590 2646 civilis
604 2586 689 2645 libris
703 2587 832 2665 cogitari
844 2605 933 2663 posse
948 2605 1008 2646 non
1022 2591 1107 2663 puio.

447 2774 494 2833 Dc
517 2776 625 2833 escario
649 2773 749 2846 lecolo.

183 2890 213 2956 5.
245 2889 285 2955 Ι).
304 2892 356 2976 34,
375 2893 405 2970 2,
423 2893 476 2975 21,
495 2894 524 2957 2.
580 2891 779 2976 Pomponius
816 2890 901 2956 libro
940 2895 1032 2957 sexto
1066 2892 1108 2957 ad

95 2976 249 3043 Sabinum
277 2977 325 3066 (P.
344 2979 433 3064 489).
461 3018 504 3029 -
531 2981 621 3045 ..de
654 2979 866 3064 aquiminerio
896 2976 1031 3045 Cassius
1060 2981 1108 3046 ait

96 3068 280 3132 consultum
303 3091 336 3133 se
359 3071 580 3154 respondisse,
604 3091 677 3134 cum
701 3069 794 3132 alteri
817 3072 988 3151 argentum
1012 3075 1107 3153 poic-

93 3157 191 3240 rium,
223 3157 315 3222 elteri
346 3159 503 3222 escarium
530 3158 676 3244 legatum
704 3162 802 3240 esset,
833 3157 955 3221 escario
985 3159 1106 3223 cedere.

410 3350 456 3408 De
479 3351 569 3423 leporio
592 3350 789 3408 condicionali.

183 3469 212 3532 6.
230 3467 270 3534 D.
279 3469 332 3546 30,
343 3467 418 3547 104,
429 3469 456 3532 1.
492 3468 582 3532 Idem
598 3465 656 3553 (sc.
669 3465 830 3551 Iulianus)
845 3467 929 3533 libro
944 3468 1050 3551 primo
1066 3469 1106 3534 ad

95 3554 244 3621 Urseium
268 3555 421 3621 Ferocem
445 3554 493 3643 (P.
510 3553 598 3641 888).
617 3593 660 3602 -
683 3555 722 3619 In
746 3560 942 3621 testamento
967 3558 1013 3623 sic
1038 3562 1106 3622 erat
