2422 3976
400 195 424 244 t.
449 187 585 243 SEXTUS
603 188 733 244 PllDlUS
1030 191 1072 256 89

452 377 497 431 Dc
513 377 682 430 retractando.

149 484 199 548 20.
223 484 262 548 D.
278 485 308 565 2,
324 486 354 566 8,
368 486 444 569 8pr.
490 484 611 549 Paulus
634 485 718 548 libro
743 491 858 568 quarto
882 487 1008 552 decimo
1032 488 1072 551 ad

10 647 15 663 .
79 571 201 637 edictum
225 570 276 656 (P.
296 571 386 658 259).
410 610 452 620 —
476 573 525 637 De
553 574 603 636 die
632 575 779 656 ponenda
805 576 839 638 in
863 575 1074 659 stipulatione

10 660 16 686 ³
76 663 144 725 solet
173 662 260 726 iuter
292 663 477 747 litigatores
510 663 688 726 convenire.
741 663 768 726 si
799 685 863 727 non
893 665 1072 749 conveniat,

72 747 176 815 Pedius
211 749 345 834 (diem)
382 754 477 834 putat
507 749 542 814 in
575 755 735 832 potestate
769 752 968 834 stipulatoris
1002 775 1072 817 esso

72 839 240 919 [moderato
266 840 386 921 spatio,
409 841 447 902 de
470 839 532 904 hoe
556 862 574 903 a
598 840 702 902 iudice
727 841 956 921 statuendum]⁴

147 960 285 1018 Huschke
303 960 339 1019 Z.
363 961 388 1020 d.
403 959 525 1020 Suu-Sl.
542 960 606 1036 IX,
624 963 695 1020 342.
728 960 818 1018 cerba
841 953 1007 1019 ‘moderato
1022 1009 1028 1022 .
1044 1004 1073 1020 ..

63 1042 266 1196 ptpntppndum'
288 1065 378 1122 acque
400 1051 482 1108 Pedii
504 1066 594 1122 acque
612 1049 699 1107 Pauli
723 1067 782 1107 esec
804 1050 898 1108 videri
914 1052 978 1108 turc
995 1054 1076 1109 notat

434 1235 478 1289 De
495 1226 557 1289 iare
574 1236 703 1289 iurando

147 1346 202 1409 21.
229 1343 268 1409 D.
291 1344 341 1428 12,
361 1344 390 1425 2,
410 1343 508 1427 30pr.
554 1342 674 1408 Paulus
701 1343 787 1409 libro
812 1344 1074 1409 octavodecimo

62 1433 98 1496 ad
118 1433 261 1498 edictum
282 1433 332 1518 (P.
347 1431 436 1518 282).
452 1469 493 1478 -
508 1431 602 1513 Eum,
622 1434 676 1515 qui
695 1433 816 1496 iuravit
834 1455 872 1496 ex
891 1455 930 1496 ea
948 1434 1075 1498 actione

60 1543 141 1606 quae
165 1521 337 1585 infitiando
362 1523 477 1585 crescit
501 1521 622 1605 aliquid
644 1522 707 1585 sibi
726 1521 844 1605 deberi,
868 1522 985 1606 simpli,
1008 1543 1075 1586 non

60 1610 149 1694 dupli
173 1609 432 1694 persecutionem
457 1610 519 1674 sibi
543 1609 710 1693 adquirere
730 1609 845 1674 Pedius
866 1611 924 1695 ait3
948 1610 1074 1674 abunde

59 1701 145 1763 enim
160 1698 308 1763 sufficere
324 1720 497 1763 exonerare
511 1699 684 1781 petitorem
698 1699 857 1783 probandi
871 1700 1074 1785 necessitate,

59 1809 132 1852 eum
149 1786 273 1853 omissa
288 1787 349 1851 hae
363 1791 456 1871 parte
471 1787 569 1852 edicti
584 1787 674 1871 dupli
689 1788 772 1852 actio
786 1786 915 1871 integra
935 1793 1074 1852 maneat.

59 1881 90 1939 et
121 1880 235 1960 potest
268 1875 332 1940 diei
362 1876 425 1941 hoe
457 1874 575 1941 iudicio
607 1898 671 1941 nou
704 1876 916 1960 principalem
945 1899 1075 1941 causam

60 1965 217 2043 exerceri,
242 1964 297 2028 sed
320 1965 544 2029 iusiurandum
568 1966 686 2028 actoris
710 1965 903 2030 conservari.

412 2157 460 2210 Ad
479 2158 559 2224 lepem
578 2158 729 2225 Aquiliam.

149 2266 203 2330 22.
228 2266 268 2330 D.
283 2266 314 2347 9,
328 2266 358 2349 2,
373 2266 414 2330 33
424 2288 471 2348 pr.
507 2265 628 2330 Paulus
652 2266 735 2329 libro
761 2265 898 2329 seeundo
923 2267 962 2329 ad
982 2265 1075 2328 Plau·
1121 2281 1123 2285 ’

60 2360 141 2418 tium
165 2349 217 2440 (P.
239 2351 350 2441 1084).
374 2391 416 2400 —
441 2353 557 2419 Sextus
577 2402 585 2417 .
602 2404 608 2416 .
628 2354 745 2418 Pedius
772 2355 819 2418 ait
841 2355 946 2438 pretia
969 2376 1075 2417 rerum

59 2465 125 2508 uon
154 2465 194 2507 ex
223 2443 391 2507 affectione
419 2464 477 2506 nee
502 2443 642 2507 utilitate
666 2444 883 2527 singulorum,
912 2442 966 2505 sed
990 2463 1075 2506 com·

61 2533 203 2596 munitor
238 2530 348 2616 fungi3
388 2532 497 2614 itaque
533 2553 624 2613 eum,
666 2531 720 2614 qui
756 2532 856 2595 filium
894 2531 1076 2593 naturalem

62 2620 219 2703 possidet,
246 2641 313 2683 non
341 2642 378 2685 eo
407 2619 651 2702 locupletiorem
679 2641 761 2702 esse,
791 2619 875 2703 quod
905 2640 978 2682 eum
1005 2619 1076 2700 plu-

62 2709 152 2791 rimo,
176 2709 205 2772 si
228 2709 311 2772 alius
335 2708 526 2792 possideret,
553 2709 776 2792 redempturus
799 2708 870 2790 fuit,
892 2729 951 2771 nec
974 2707 1075 2792 illum,

62 2797 115 2880 qui
142 2797 248 2860 filium
277 2797 419 2860 alienum
445 2796 625 2880 possideat,
652 2801 779 2861 tautum
802 2797 934 2879 habere,
963 2797 1076 2880 quanti

63 2907 133 2949 eum
156 2885 246 2970 patri
268 2885 406 2950 vendere
429 2889 547 2967 posset.

394 3077 438 3130 Dc
451 3072 573 3146 pecunia
590 3078 747 3132 constituta.

151 3186 204 3250 23.
226 3185 267 3249 D.
285 3187 334 3265 13,
349 3186 379 3266 5,
394 3186 423 3266 3,
438 3187 468 3250 2.
512 3185 672 3270 Ulpianus
696 3185 780 3250 libro
804 3186 980 3250 vicensimo
1004 3206 1076 3266 sep-

63 3275 143 3338 timo
167 3274 206 3338 ad
231 3274 370 3338 edictum
393 3272 444 3360 (P.
460 3276 550 3359 788⁰)
583 3311 620 3320 —
643 3274 678 3338 Si
701 3274 739 3355 is,
763 3275 817 3357 qui
841 3279 873 3337 et
896 3276 963 3337 iure
988 3272 1075 3336 civili

66 3367 96 3426 et
122 3364 286 3445 praetorio
314 3363 466 3447 debebat,
493 3364 527 3427 in
551 3364 634 3426 diam
658 3363 701 3427 sit
725 3364 903 3447 obligatus⁹
935 3382 974 3425 an
1001 3381 1075 3424 con-

66 3450 227 3515 stituendo
245 3451 416 3516 teneatur?
454 3457 487 3516 et
505 3451 613 3516 Labeo
634 3450 680 3515 eit
698 3454 802 3514 teneri
824 3449 1077 3532 [constitutum]‚

68 3560 163 3622 quam
185 3541 378 3605 sententiam
404 3543 436 3604 et
459 3539 576 3605 Pedius
600 3541 727 3623 probet.
