2422 3976
92 207 156 271 528
460 203 736 260 ADDITAMENTA.

182 369 234 433 49.
257 368 297 432 D.
320 368 372 451 50,
397 368 497 451 7,18.
533 366 730 450 Pomponius
753 366 829 432 ibid.
856 405 895 414 -
922 416 953 432 ..
973 368 1008 448 si,
1032 390 1102 433 eum

93 458 196 542 legati
219 457 303 540 apud
325 479 385 520 nos
410 460 517 520 3333333
540 457 645 540 gentis
669 455 818 539 alieuius,
841 456 966 520 bellum
989 456 1035 520 eis
1058 456 1101 520 in·

95 548 217 611 dietum
241 547 292 625 333,
315 567 505 629 responsum
524 549 573 608 333
591 544 710 608 13133333
729 566 783 609 333
803 567 933 609 manere
954 545 1001 626 [id
1020 545 1100 608 enim

93 635 156 699 iuri
179 635 322 720 gentium
346 635 497 699 33333333
520 633 633 714 333331.

235 822 264 886 2.
288 820 342 884 Ad
367 820 532 884 edietum
556 818 740 882 aedilium
763 819 969 884 curulium.

383 944 432 1008 De
454 945 618 1026 mancepiis
639 944 816 1008 vendundis.

185 1058 236 1123 50.
273 1057 312 1121 D.
341 1061 393 1141 21,
423 1061 451 1143 1,
477 1060 508 1142 4,
534 1061 565 1124 2.
605 1058 766 1142 Ulpianus
802 1058 886 1122 libro
923 1059 1028 1142 primo
1064 1057 1098 1120 ad

95 1148 235 1212 edietum
273 1147 424 1211 aedilium
458 1148 623 1212 curulium.
663 1182 700 1192 -
740 1196 774 1212 ..
805 1147 965 1211 aleatores
998 1150 1030 1211 33
1059 1145 1097 1208 vi·
1129 1219 1130 1224 γ

94 1237 203 1300 nerios
227 1257 292 1300 non
316 1237 472 1301 contineri
497 1237 599 1300 3313333
618 1235 775 1319 quosdam
793 1235 997 1319 respondisse
1014 1234 1095 1299 Pom·

95 1325 210 1408 ponius
234 1325 289 1407 333,
313 1324 576 1409 quemadmodem
605 1346 664 1388 nec
682 1325 815 1407 gulosos
833 1346 893 1389 nea
912 1325 1094 1408 impostores

97 1417 153 1476 333
175 1413 343 1477 mendaces
368 1417 424 1477 333
447 1412 617 1498 litigiosos

336 1601 366 1664 3.
389 1600 447 1663 Ad
471 1600 638 1664 edietum
660 1599 864 1682 praetoris.

231 1722 295 1802 Qui
317 1724 382 1788 uisi
397 1744 458 1805 pro
481 1725 569 1788 certis
586 1724 727 1805 personis
752 1743 791 1787 33
807 1728 880 1805 post
868 1723 975 1787 333133.

185 1835 250 1902 51?
278 1836 316 1902 D
336 1839 415 1922 3,2,
436 1839 486 1921 13,
504 1839 532 1902 7.
559 1837 720 1921 Ulpianus
744 1838 827 1903 libro
852 1842 943 1902 sexto
968 1836 1005 1900 ed
1022 1833 1086 1898 edir-

97 1930 237 1990 3333.-
265 1925 374 1991 Poena
402 1927 532 2012 gravior
564 1928 612 1990 3313
614 1948 650 1989 33
681 1927 786 2012 legem
814 1927 967 2010 imposita
996 1921 1085 1988 333333-

97 2015 273 2079 mationem
297 2020 474 2099 conservat,
497 2020 533 2078 33
520 2018 588 2078 333
612 2015 823 2079 constitutum
848 2020 897 2079 333
921 2020 954 2079 33
975 2031 1084 2095 respon-

97 2127 177 2186 sum,
200 2104 362 2186 utputa
337 2127 364 2167 sr
383 2126 454 2167 eum
476 2105 530 2186 qui
548 2107 622 2185 par
624 2126 640 2166 e
660 2105 817 2168 bonorum
838 2104 968 2168 multari
986 2100 1083 2174 debuit,

96 2215 226 2275 praeses
250 2194 451 2276 relegaverit.

186 2305 221 2362 el.
248 2304 367 2362 Sueton.
392 2300 496 2361 Claud.
520 2323 542 2363 3,
568 2305 618 2362 14.

359 2457 407 2522 De
429 2459 598 2522 minoribus
620 2457 725 2521 XXV
743 2459 845 2522 33333.

187 2575 251 2638 52?
275 2573 312 2636 D.
331 2575 362 2655 4,
379 2575 415 2652 ’4,
440 2573 468 2656 7,
492 2574 521 2636 9.
544 2571 634 2635 Idem
659 2582 716 2657 133.
740 2571 914 2656 Ulpianus)
940 2572 1017 2634 libro
1037 2585 1079 2628 un·

99 2662 221 2764 decimo
254 2662 293 2726 ad
322 2662 404 2725 edio
391 2666 469 2724 um
505 2661 657 2724 -33333
659 2662 720 2724 333
707 2665 789 2725 33
809 2683 922 2725 ,33333
955 2682 987 2723 33
1015 2658 1078 2719 here

99 2751 194 2813 (13333
168 2752 352 2814 3333333333
338 2751 426 2814 3331
450 2772 520 2813 eam
544 2749 638 2813 33333
662 2772 757 2832 qnam
780 2709 971 2833 repudiavit,
992 2759 1078 2811 333330

99 2860 149 2901 333
152 2840 225 2902 33333
244 2840 371 2922 poterit,
390 2843 426 2901 33
454 2860 487 2902 33
515 2837 689 2920 3133333333,
713 2839 833 2901 331333
859 2842 892 2900 33
915 2837 1078 2918 rescriptum

99 2932 130 2989 3
99 2949 344 3010 responsum
369 2931 425 2990 333.

266 3086 315 3150 De
338 3087 465 3150 ulienut‘
442 3091 521 3151 33333
543 3086 650 3149 iudicii
672 3086 815 3149 multandi
837 3106 942 3151 33333.

188 3201 252 3265 53?
277 3201 314 3264 D.
334 3202 364 3283 4,
385 3203 413 3282 7,
434 3203 482 3265 11.
505 3201 594 3264 Idem
619 3198 677 3288 (so.
696 3198 871 3286 Ulpianus)
891 3201 974 3264 libro
993 3195 1078 3293 3333330

100 3286 362 3370 Opinionnm—
385 3251 466 3353 (lum
490 3290 582 3353 miles
606 3294 680 3371 posi
666 3289 793 3352 33313133
779 3292 875 3352 lano
894 3309 1019 3352 nomme
1035 3278 1079 3346 l1

101 3398 176 3459 gare
197 3379 520 3479 (13333333333331333,
544 3399 623 3460 quas
644 3379 705 3441 sibi
725 3377 862 3441 donatas
883 3400 952 3441 esse
971 3371 1078 3445 (13331303

100 3486 289 3548 responsum
333 3471 395 3549 333,
438 3467 466 3530 33
507 3467 617 3531 iudieii
658 3466 803 3530 3333333313
840 3488 938 3530 33333
973 3456 1077 3527 donatio

99 3552 185 3616 faeta
227 3555 338 3638 fuerit,
381 3557 521 3637 priorem
559 3556 724 3619 dominum
767 3556 905 3638 experiri
950 3554 1078 3636 oportere
