2422 3976
487 155 512 204 7.
530 148 719 206 PROCULUS
1042 151 1104 216 157

187 313 237 379 73.
263 312 303 378 D.
318 312 348 393 9,
363 313 392 394 2,
406 313 503 393 29,2.
548 311 708 397 Ulpianus
735 314 818 379 libro
844 317 959 380 octavo
982 313 1104 379 decimo

111 400 144 465 ad
162 400 296 467 edictum
315 399 365 487 (P.
375 398 479 487 925‘1).
497 437 535 447 -
557 399 592 466 Si
614 401 706 466 navis
724 405 781 466 tua
799 402 928 486 inpacta
946 403 980 466 in
999 424 1103 468 meam

112 489 247 574 soapham
280 489 433 555 damnum
465 488 545 557 mihi
578 489 665 553 dedit
651 491 900 593 t,quaesitnm.
927 495 990 573 est,
1022 513 1103 577 quae

113 579 184 643 aetio
204 577 291 643 mihi·
302 581 429 662 compet
430 582 505 643 eret.
483 582 576 643 tet
594 578 641 643 ait
627 577 821 661 tProonlus,
845 581 872 644 si
890 579 924 644 in
942 583 1104 664 potestate

112 671 267 733 nautarum
290 666 362 751 fuit,
339 669 424 732 tne
446 666 479 730 id
503 665 724 751 occideretet
709 668 838 751 teulpa
857 690 966 733 eorum
984 667 1050 733 fact
1036 672 1105 733 tum

113 754 161 835 ιιι,
193 757 264 842 lego
294 754 427 839 Aquilia
459 777 531 820 oum
563 756 671 821 nautis
704 756 878 842 agendum,
909 757 984 841 quia
1015 759 1107 840 parvi

114 843 196 909 refert
225 865 341 910 navem
372 843 479 908 imm1t
455 843 578 908 'ttendo
610 848 667 908 aut
698 846 895 911 serraculum
924 844 963 909 ad
991 866 1105 910 navem

113 929 240 998 duoendo
264 955 306 998 an
328 937 386 998 tua
407 954 505 998 manu
527 932 678 997 damnum
703 932 836 1020 dederis,
858 933 934 1017 quia
957 933 1105 999 omnibus

113 1017 155 1085 hie
177 1020 279 1088 modis
307 1043 365 1106 per
392 1024 425 1086 te
452 1020 570 1087 damno
598 1022 743 1106 adficior3
772 1023 827 1086 sed
856 1024 884 1086 si
912 1021 988 1086 lune
1011 1025 1106 1107 rupto

113 1111 158 1172 aut
170 1132 240 1175 oum
254 1132 275 1175 a
288 1110 379 1176 nullo
394 1113 559 1194 regeretur
572 1111 664 1175 navis
678 1110 878 1195 incurrisset,
892 1131 964 1176 uum
977 1110 1106 1176 domino

113 1199 257 1283 agendum
279 1220 347 1264 non
369 1220 448 1263 esse.

504 1310 585 1369 De'
573 1312 699 1370 oniurits.

188 1431 239 1496 74.
276 1429 314 1495 D.
336 1428 389 1512 47,
410 1430 460 1511 10,
481 1430 531 1509 11,
549 1430 581 1494 4.
638 1428 797 1512 Ulpianus
834 1429 918 1493 libro
955 1430 1108 1515 quinquu-

69 1528 76 1539 “
113 1518 244 1672 gunsimo
273 1478 411 1602 septinio
440 1518 480 1582 ad
509 1478 593 1582 eiua
579 1520 649 1582 tum
678 1513 727 1604 (P.
749 1513 925 1620 1334)..-
952 1517 1108 1584 Proculus

112 1608 215 1691 Ι.ιιιι,
242 1607 271 1671 si
298 1607 332 1671 in
358 1606 421 1671 hoo
450 1609 483 1671 te
512 1606 971 1690 conduxerim,ut1niuriam
999 1607 1108 1691 fauiae,

112 1712 170 1760 uum
192 1700 327 1781 utroque
350 1694 532 1760 nostrum
522 1695 713 1759 miuriarum
736 1695 790 1780 agi
812 1717 918 1779 posse,
942 1696 1017 1780 quia
1036 1718 1108 1761 mea

111 1801 194 1866 opera
214 1783 303 1850 facta
326 1783 402 1848 sit
392 1784 520 1849 iniuria.

184 1873 234 1938 75.
267 1871 730 1975 Ibid.5.-ldemquea1t.
749 1872 809 1938 .si
832 1873 900 1938 filio
923 1895 995 1938 meo
1019 1896 1106 1938 man-

112 1956 230 2046 davero,
250 1966 289 2027 ut
310 1960 402 2027 tibi'
393 1961 545 2027 iniuriam
568 1960 676 2026 faeiat

440 2136 491 2204 De
512 2140 621 2205 noxali
643 2140 767 2204 actione.

61 2252 63 2265 '
184 2263 236 2327 76.
269 2261 339 2327 Gai.
357 2262 388 2341 4,
407 2263 457 2328 78.
488 2299 527 2310 —
557 2311 587 2328 ..
619 2263 646 2326 si
678 2263 763 2327 filius
796 2264 880 2345 patri
910 2266 966 2326 aut
995 2283 1105 2326 servus

109 2345 227 2416 domino
251 2372 369 2416 noxam
388 2352 593 2434 commiserit,
616 2350 706 2415 nulla
729 2350 814 2416 aotio
838 2351 994 2435 naseitur3
1017 2351 1108 2413 nulla

108 2439 184 2502 enim
210 2438 342 2504 omnino
369 2439 454 2504 inter
480 2461 532 2503 me
560 2443 593 2503 et
619 2461 691 2503 eum
719 2441 830 2524 quiin
854 2442 1013 2522 potestate
1038 2459 1108 2502 inea

106 2529 158 2611 ost,
180 2527 338 2613 obligatio
365 2528 456 2594 nasci
477 2530 594 2612 potest.
644 2528 778 2613 ideoque
803 2530 836 2592 et
861 2528 888 2592 si
912 2528 945 2591 in
969 2527 1108 2591 alienam

108 2620 297 2697 potestatem
315 2616 497 2700 pervenerit
515 2621 571 2681 aut
590 2617 642 2681 sui
659 2617 737 2681 iuris
753 2638 823 2681 esso
837 2617 987 2700 eoeperit,
1005 2636 1108 2701 neque

107 2722 173 2769 uum
199 2705 271 2789 ipso
285 2726 400 2790 *neque
427 2728 501 2772 oum
527 2727 563 2770 eo
590 2705 680 2770 ouius
704 2727 788 2770 nuno
810 2710 844 2769 in
868 2708 1028 2788 potestate
1051 2710 1109 2788 est,

105 2793 154 2878 agi
175 2797 294 2877 potest
339 2794 423 2858 unde
446 2793 625 2879 quaeritur,
653 2794 681 2858 si
704 2794 826 2858 alienus
850 2816 961 2859 servus
984 2795 1109 2859 filiusve

102 2899 216 2947 noxam
247 2882 445 2947 oommiserit
476 2883 569 2966 mihi,
601 2891 634 2948 et
665 2883 694 2947 is
726 2888 840 2966 postea
872 2883 906 2946 in
937 2904 1008 2947 mea
1037 2906 1108 2948 esse

100 2971 240 3056 eoeperit
262 2973 439 3055 potestate,
463 2975 570 3036 utrum
593 2970 765 3036 intercidat
788 2971 873 3036 aetio
897 2993 940 3035 an
962 2973 1110 3056 quiescat

176 3058 321 3125 diversae
350 3059 479 3125 scholae
508 3064 679 3145 auctores,.
696 3060 848 3145 quamdiu
872 3060 906 3124 in
928 3082 1000 3124 mea
1022 3064 1110 3144 pote-

101 3150 183 3212 state
207 3149 258 3231 sit,
282 3149 443 3231 quiescere
467 3149 626 3213 actionem
649 3152 777 3232 putant,
798 3149 874 3234 quia
895 3149 1110 3232 ipsemecum

101 3257 197 3322 agere
219 3257 286 3301 non
309 3258 450 3321 possum,
474 3259 546 3302 oum
566 3259 640 3302 vero
659 3236 773 3301 exierit
792 3238 830 3301 de
850 3260 920 3302 mea
938 3240 1109 3320 potestate,

97 3328 175 3390 tuno
199 3346 271 3389 eam
294 3327 488 3390 resuscitari.

187 3415 238 3479 ΙΙ.
262 3411 434 3499 Gai.4,79.
454 3452 497 3462 —
516 3413 597 3481 (lum
621 3414 755 3482 ..filius
778 3414 919 3479 familias
943 3436 981 3478 ex
999 3415 1109 3478 noxali

96 3523 194 3568 eausa
212 3502 373 3588 mancipio
393 3504 495 3587 datur,
513 3503 659 3569 diversae
678 3504 806 3569 scholae
827 3508 972 3568 auctores
989 3506 1108 3586 putant
