2422 3976
97 201 162 266 114
177 154 887 260 111.errrctrumlrusuors.erueremur.
899 201 997 258 IURIS
1007 202 1112 291 QONS.

95 367 201 430 mnnis
227 364 348 446 fnisset,
376 365 526 447 nnerpori
547 364 705 447 potuisset.
749 366 822 430 item
847 366 878 430 si
903 367 975 448 qnia
995 386 1110 446 eornm,

95 454 205 536 quibus
239 475 338 536 oenoe
368 455 476 518 duetus
507 454 636 518 seruitus
662 454 823 519 debebatur
849 459 878 519 et
896 475 957 540 per
982 456 1108 520 eundem

95 545 199 606 rimem
221 562 337 625 aonam
359 543 515 622 ducebant,
536 543 588 608 ins
609 563 709 624 aenae
726 544 878 608 ducendae
894 563 959 608 non
976 544 1108 609 dnmndo

94 651 163 695 eom
187 632 306 711 omisit,
333 630 414 697 nidd
436 632 517 697 imis
539 632 717 696 eonomine
740 633 856 711 ceteris,
882 633 937 714 aori
958 633 1025 698 rivo
1046 636 1105 698 nie·

70 721 225 801 tantm,
257 721 392 785 odererit
421 721 512 802 idque
543 721 734 785 eommodnm
762 721 828 785 eins
854 725 909 805 est,
936 741 994 803 per
1021 722 1102 786 moins

93 809 231 891 fnndnm
250 810 286 874 id
297 809 355 874 iter
370 829 468 891 oenoe
482 818 534 895 est,
553 810 634 892 quood
645 829 709 874 non
722 809 833 874 utendo
844 829 902 891 pro
909 814 1003 892 parte
1014 810 1100 876 nnius

95 899 248 963 amissam
267 903 328 976 est;
347 899 485 964 libertate
503 898 585 963 enim
598 897 691 963 taius
699 899 803 980 portis
815 899 969 964 seruitutis
980 898 1095 981 fruitur.

515 1115 624 1174 Liber·
646 1115 685 1174 ΙΙ.

468 1233 518 1300 De
540 1236 736 1300 testamentis.

165 1364 167 1369 ’
182 1360 213 1424 2.
232 1357 420 1443 Ι).28,5,70.
453 1358 608 1423 Proculus
622 1359 706 1424 libro
721 1359 859 1424 seeundo
869 1358 1088 1443 Epistularum.

32 1486 36 1493 -
96 1485 137 1494 -
170 1446 349 1512 ‘Cornelius
381 1451 415 1511 et
441 1446 600 1529 Maevius,
632 1451 703 1512 uter
735 1469 846 1512 eorum
877 1449 980 1532 volet,
1009 1447 1087 1511 heres

96 1535 186 1601 esto'.
223 1540 356 1619 uterque
375 1535 453 1601 vult.
485 1535 656 1601 Trebatius
679 1541 830 1602 neutrum
852 1536 923 1602 fore
945 1535 1088 1616 heredem,

96 1623 250 1688 Cartilius
273 1629 461 1706 utrumque:
484 1628 521 1688 tu
543 1625 595 1689 eui
618 1623 832 1690 adsentiaris?

183 1712 353 1777 Proculus:
378 1709 507 1777 Oartitio
520 1714 656 1778 adsentio
671 1718 700 1779 et
711 1714 801 1779 diam
814 1713 1013 1780 adiectionem
1024 1710 1088 1778 ‘em

94 1821 198 1865 eornm
225 1799 313 1866 ootet’
341 1821 561 1883 snpmooonom
582 1807 676 1883 paim
704 1804 739 1867 id
763 1803 846 1867 enim
868 1804 963 1868 etiem
985 1823 1021 1869 ea
1039 1815 1088 1866 non

96 1890 215 1954 odiente
225 1889 369 1970 fmtnrnm
384 1888 456 1973 fnit,
469 1894 513 1972 nt,
530 1895 598 1955 nter
614 1891 708 1976 odiet,
725 1891 810 1956 teres
827 1896 909 1975 esset,
927 1896 995 1957 nter
1008 1888 1089 1967 nom,

93 1978 178 2043 teres
204 1999 268 2044 non
298 1983 380 2044 esset.
429 1980 511 2061 qnod
536 1981 565 2043 si
592 1980 625 2046 ti
651 2001 688 2046 eoo
715 2000 841 2047 numero
866 1981 1089 2046 necessariorem

94 2067 238 2132 heredum
268 2072 376 2151 essent,
409 2072 474 2132 tum
505 2069 540 2132 id
565 2088 628 2134 non
655 2068 779 2150 frustra
809 2069 961 2134 adieotnm
992 2064 1090 2134 essed

94 2176 157 2220 non
174 2157 274 2221 solnm
291 2158 434 2240 douram,
456 2158 510 2221 sad
525 2157 587 2221 nim
606 2179 723 2240 qnoque
742 2159 930 2223 eondioionis
947 2158 1089 2224 eontinem

94 2247 221 2310 dieerem
254 2249 369 2332 tomen,
399 2248 428 2310 si
459 2250 583 2327 nterqm
609 2247 694 2312 teres
725 2266 787 2312 esse
815 2247 911 2325 redet,
943 2251 1089 2335 intormem

93 2333 230 2398 heredem
251 2353 320 2399 esse.

505 2421 555 2487 De
578 2425 693 2506 leuatis.

184 2548 213 2612 3.
228 2544 418 2629 D.33,6‚15.
452 2545 605 2611 Proculus
621 2548 706 2612 libro
722 2547 860 2612 seeundo
872 2546 1092 2632 Epistularum.

96 2673 134 2682 —
161 2634 280 2699 Vinum
310 2656 382 2699 eum
409 2636 495 2699 vasis
524 2635 655 2720 legavit.
700 2642 800 2720 negat
822 2636 996 2702 Trebatius
1019 2630 1093 2721 quod

95 2726 128 2787 in
157 2723 251 2788 doliis
281 2723 325 2786 sit
353 2723 459 2787 deberi
487 2727 520 2787 et
545 2745 675 2788 sensum
699 2724 867 2789 testatoris
892 2725 991 2789 alium
1014 2723 1096 2810 putat

96 2833 173 2894 esse,
199 2810 370 2875 verborum
395 2813 506 2897 alium;
531 2816 672 2878 ceterum
696 2813 782 2877 dolia
804 2813 839 2877 in
862 2814 949 2878 vasis
973 2809 1096 2878 vinariis

94 2922 159 2964 non
183 2897 279 2964 esse¹.

182 2990 251 3071 Euo
278 2990 333 3054 etsi
362 2990 445 3055 dolio
467 2989 502 3054 in
529 2991 612 3054 rosis
640 2990 774 3055 oinmiis
801 3011 863 3055 non
890 2996 978 3075 sunt,
1006 2995 1099 3056 tomen

94 3098 157 3143 non
179 3080 366 3143 eoneederem
392 3078 531 3142 Trebatio
555 3079 662 3143 vinnm
684 3080 765 3161 qnod
786 3080 822 3143 in
843 3079 936 3144 doliis
958 3085 1033 3145 esset
1055 3077 1101 3160 [id

94 3172 139 3232 est
164 3169 244 3250 qnod
269 3169 304 3231 in
331 3169 413 3232 uasis
435 3187 498 3230 non
520 3167 647 3252 esset,?]
669 3188 732 3232 non
754 3187 815 3233 esse
839 3168 981 3250 teoatnm.
1026 3166 1102 3234 diod

95 3277 198 3321 oerum
226 3276 288 3321 esse
303 3261 394 3337 puto,
422 3257 473 3320 eni
494 3257 602 3320 ninum
624 3277 693 3320 mom
715 3258 799 3321 rosis
822 3256 957 3339 teootnm
980 3258 1051 3342 erit,
1077 3254 1102 3320 ei

94 3344 261 3427 emptores
279 3346 377 3426 andos,
400 3347 435 3408 in
453 3345 562 3425 ortibus
579 3346 653 3408 oirra
671 3344 789 3424 diffuso
807 3365 976 3430 servamus,
994 3347 1103 3430 neme

94 3453 163 3498 esse.
213 3435 321 3497 oinium
353 3434 435 3496 enim
467 3433 501 3496 in
538 3432 703 3514 emptores
740 3439 768 3498 et
798 3435 890 3499 eodos
922 3434 980 3500 tae
1011 3438 1104 3500 mente

166 3577 179 3623 1
202 3570 369 3626 litassent.
