2422 3976
395 185 420 235 4.
439 177 468 234 Ο.
484 179 628 235 CASSIUS
647 179 831 236 LONGINUS
1076 183 1120 248 55

106 340 209 405 libras
238 361 320 424 quas
348 341 554 426 adpenderis,
583 346 639 406 aut
666 343 699 406 in
724 344 854 428 singula
877 365 1013 429 corpora
1037 368 1119 429 quae

106 429 377 494 adnumeraveris.

200 519 253 583 72.
277 517 354 584 Vat.
368 518 407 582 fr.
425 520 452 582 1.
469 555 506 565 -
523 518 607 602 <Qui
623 542 642 584 a
656 521 811 605 muliere>
825 522 895 586 sine
909 522 1028 587 tutoris
1047 544 1119 589 auc-

104 607 242 671 toritate
281 607 386 672 sciens
423 629 491 672 rem
527 608 669 693 mancipi
702 609 780 673 emit
812 611 862 675 vel
892 610 976 675 falso
1009 616 1118 676 tutore

105 699 238 760 auctore
267 716 364 780 quem
392 695 466 761 sciit
493 716 559 761 non
587 718 671 779 esse,
698 719 763 762 non
791 698 916 763 videtur
943 699 1118 764 bonafide

104 783 230 848 emisse.
264 784 375 868 itaque
396 788 429 849 et
447 789 572 849 veteres
591 790 711 869 putant
728 791 762 851 et
775 783 913 852 Sabinus
933 792 966 852 et
985 786 1117 854 Cassius

103 873 261 937 scribunt.

416 969 460 1023 De
477 969 566 1036 faudo
583 975 670 1040 empto
687 971 805 1025 vendito.

195 1076 248 1140 73.
286 1074 327 1140 Ι).
350 1078 403 1161 43,
425 1079 477 1160 24,
502 1079 628 1163 11,12.
681 1078 842 1162 Ulpianus
873 1078 958 1143 libro
991 1083 1117 1162 septua-

103 1165 255 1247 gensimo
283 1165 388 1247 primo
417 1167 456 1230 ad
485 1166 625 1232 edictum
655 1164 703 1253 (P.
724 1165 833 1250 1597).
858 1203 900 1212 -
928 1165 1054 1252 (Fundo
1082 1167 1117 1232 iu

102 1252 189 1317 diem
218 1253 362 1332 addicto,
390 1255 419 1318 si
446 1254 523 1339 quid
546 1257 653 1340 operis
677 1257 709 1320 vi
733 1259 789 1319 aut
812 1257 894 1321 clam
916 1254 1039 1320 factum
1064 1257 1117 1340 sit,

102 1343 253 1424 quaestio
282 1346 332 1406 est
353 1344 437 1407 inter
460 1341 609 1408 Cassium
634 1347 666 1408 et
688 1343 862 1422 Iulianum,
890 1343 1050 1409 venditori
1074 1366 1116 1409 an

102 1431 246 1514 emptori
273 1430 336 1498 hoc
362 1431 569 1496 interdictum
592 1429 778 1517 competat).
824 1432 918 1516 plane
942 1433 970 1497 si
992 1435 1116 1516 postea,

102 1540 202 1602 quam
226 1520 341 1584 melior
363 1520 508 1585 condicio
532 1521 634 1585 allata
657 1525 714 1605 est,
738 1521 857 1604 aliquid
881 1521 987 1604 operis
1008 1521 1042 1586 vi
1060 1525 1117 1586 aut

101 1608 188 1671 clam
216 1607 342 1672 factum
370 1608 426 1691 sit,
457 1631 516 1674 nec
542 1608 688 1674 Iulianus
716 1609 880 1674 dubitaret
905 1608 1114 1674 interdictum

101 1695 268 1760 venditori
296 1700 491 1783 competere;
518 1720 594 1763 nam
619 1698 703 1762 inter
726 1697 873 1764 Cassium
897 1702 930 1762 et
952 1697 1113 1764 Iulianum

101 1783 140 1848 de
159 1784 229 1868 illo,
253 1785 337 1868 quod
356 1786 462 1851 medio
486 1792 631 1870 tempore
655 1787 778 1868 accidit,
802 1788 948 1872 quaestio
968 1790 1028 1873 est,
1049 1811 1113 1852 non

102 1872 140 1937 de
164 1895 204 1938 eo
228 1873 314 1958 quod
335 1878 451 1958 postea
473 1875 621 1960 contigit.

191 1987 424 2070 ‘compilatores
451 1995 528 2054 hanc
555 1997 615 2075 ἕω
642 1996 824 2055 contraxisse
847 1996 1001 2073 videntum
1034 2015 1112 2055 oom-

100 2083 191 2158 plura
213 2082 294 2141 enim
316 2083 515 2159 suspicionem
538 2078 670 2145 movent'
692 2085 786 2143 Lenel
807 2084 840 2142 P.

416 2253 461 2308 Dc
478 2255 555 2308 domo
573 2259 662 2324 empta
679 2255 798 2308 venditu.

193 2360 243 2423 74.
267 2359 306 2424 D.
324 2363 373 2442 18,
391 2363 417 2446 1,
432 2361 474 2426 57
484 2384 531 2445 pr.
569 2362 688 2427 Paulus
711 2363 794 2428 libro
819 2363 932 2448 quinto
958 2362 998 2426 ad
1018 2362 1112 2426 Plau·

101 2449 183 2512 tium
208 2445 258 2533 (P.
280 2445 389 2536 1116).
416 2486 453 2496 -
478 2449 619 2515 Domum
644 2451 722 2537 emi,
749 2473 820 2516 cum
846 2473 917 2515 eam
940 2455 972 2514 et
996 2470 1055 2535 ego
1079 2455 1112 2514 et

99 2537 252 2601 venditor
294 2539 497 2604 combustam
534 2540 766 2623 ignoraremus.
825 2538 935 2605 Nerva
972 2537 1110 2603 Sabinus

100 2623 233 2690 Cassius
253 2625 333 2690 nihil
353 2629 488 2711 venisse,
512 2629 659 2712 quamvis
678 2650 754 2692 area
773 2632 909 2708 maneat,
927 2627 1110 2711 pecuniam-

99 2735 162 2798 que
186 2715 328 2779 solutam
352 2715 476 2780 cundici
498 2738 592 2800 posse
616 2716 714 2781 aiunt.

391 2890 435 2944 Dc
451 2892 590 2960 marutpio
608 2897 694 2960 empto
711 2891 826 2946 uendite.

189 2995 241 3063 75.
264 2997 484 3082 D.21,1‚65,
502 3003 529 3065 1.
568 2998 744 3064 Venuleius
768 2999 850 3065 libro
870 3000 982 3083 quinto
1002 3001 1110 3064 Actio·

97 3106 174 3151 num
199 3084 250 3173 (P.
269 3083 316 3174 2).
341 3121 379 3132 -
406 3087 561 3164 Quotiens
589 3090 721 3153 morbus
747 3089 889 3153 sonticus
913 3089 1109 3166 nominatur,

98 3196 172 3239 eum
197 3175 376 3260 significari
400 3173 531 3242 Cassius
556 3177 609 3262 ait,
633 3178 687 3261 qui
711 3180 838 3263 noceat3
860 3198 975 3241 nocere
999 3180 1108 3240 autem

97 3263 254 3350 intellegi,
278 3265 334 3349 qui
356 3270 529 3350 perpetuus
553 3269 611 3348 est,
635 3288 701 3331 non
725 3267 779 3350 qui
797 3270 942 3349 tempore
961 3264 1109 3345 finiatur3

98 3353 151 3418 sed
184 3354 335 3419 morbum
370 3355 530 3419 sonticum
562 3376 634 3419 eum
667 3355 781 3434 videri,
813 3355 869 3438 qui
896 3352 1046 3417 inciderit
1072 3350 1108 3413 in

96 3441 263 3508 bominem
301 3446 472 3526 postquam
504 3444 532 3506 is
565 3449 661 3508 natus
694 3443 749 3526 sit;
791 3450 900 3508 sontes
933 3439 1019 3505 enim
1050 3460 1108 3504 no·

98 3535 205 3596 centes
228 3531 302 3595 dici.
