2422 3976
368 195 392 244 6.
415 187 623 244 IAVOLENUS
642 187 791 244 PRISGUS
1016 188 1084 254 475

79 372 122 436 ipo
150 356 260 419 eontra
285 352 399 427 sentia·
430 349 506 416 neo¹
531 353 696 434 auioqrmm
722 352 858 432 amplius
878 352 969 434 patri
989 373 1083 434 prae

79 441 214 506 standum
236 461 274 506 eoo
295 442 444 506 eiusmodi
466 441 621 522 scriptura
642 444 811 504 tesmmneti
822 446 911 523 puto,
934 461 1028 522 peram
1046 446 1082 505 ut

79 528 150 594 edu
170 549 208 595 en
229 550 277 613 eo,
298 531 379 611 quod
394 535 614 611 praestaturus
635 529 737 593 heredi
757 528 867 612 fuerit,
884 534 1026 610 praestet.

350 715 402 780 Do
423 717 582 781 verborum
605 716 796 798 altipatioue.

157 831 209 897 30.
237 829 277 896 D.
290 829 343 912 45,
358 832 387 913 1,
403 831 477 898 106.
509 830 598 895 Idem
613 827 670 915 (so.
684 829 871 914 Iavolenus)
887 830 970 894 libro
986 835 1079 896 sexto

85 917 302 1002 Epistularum,
330 955 371 965 -
402 919 464 998 Qui
489 919 693 1002 expluribus
714 920 840 1003 fundis,
868 920 977 1001 artibus
998 921 1080 983 idern

85 1026 177 1073 nmnon
203 1007 380 1090 impositum
406 1009 524 1093 format,
550 1029 649 1072 unum
673 1008 808 1088 fundum
829 1009 895 1072 sine
917 1009 983 1072 ulla
1005 1013 1081 1074 nota

86 1096 336 1162 demonstrationis
352 1097 524 1182 stipuletur,
541 1098 691 1161 insutum
708 1098 883 1180 stipulatur,
902 1098 937 1161 id
953 1101 1079 1162 osteum

85 1182 200 1262 fundum
216 1185 395 1270 stipulatur,
412 1207 500 1267 quem
514 1186 684 1267 promissor
701 1187 776 1250 dare
789 1187 924 1250 uoluerit.
958 1187 1079 1251 tamdiu

87 1279 171 1339 onum
192 1275 334 1340 voluutas
351 1275 550 1357 promissoris
573 1276 608 1338 in
623 1275 772 1356 pendenti
794 1279 849 1358 est,
872 1274 1021 1356 quamdiu
1044 1276 1080 1340 id

86 1364 152 1441 aad
165 1364 357 1446 promissum
379 1367 424 1428 est
444 1364 588 1428 solvatur.

293 1549 343 1614 De
364 1551 551 1631 adquirendo
574 1570 678 1613 rerum
700 1549 845 1614 dominio.

157 1664 209 1729 31.
236 1662 275 1727 D.
290 1664 343 1741 39,
357 1663 387 1746 5,
402 1664 453 1728 25.
489 1663 579 1727 Idem
603 1661 660 1749 (sc.
674 1661 859 1747 Iavolenus)
877 1664 961 1728 libro
981 1667 1074 1729 sexto

80 1746 298 1834 Epistularum.
325 1788 362 1800 -
387 1752 425 1818 Si
446 1752 502 1816 tili
523 1754 656 1817 dederim
678 1774 751 1835 rem,
773 1758 810 1816 ut
833 1754 914 1817 Titio
937 1774 1002 1817 meo
1025 1773 1080 1818 no·

79 1841 151 1905 nine
171 1843 313 1919 donares,
336 1847 365 1905 et
387 1846 419 1905 tu
443 1845 493 1905 tuo
515 1842 638 1905 nomine
661 1861 729 1906 earn
751 1843 779 1906 ei
801 1843 927 1918 dedmis,
950 1863 992 1905 au
1013 1842 1080 1921 fao-

79 1931 136 1994 tnm
156 1930 223 1994 eius
238 1931 353 2012 putes?

155 2018 340 2100 Respondit:
358 2019 387 2083 si
404 2039 469 2082 reno
488 2019 544 2082 tibi
561 2019 703 2102 dederim
721 2023 757 2083 ut
772 2019 853 2082 Titio
871 2039 936 2082 meo
954 2020 1079 2082 nomine

79 2107 211 2191 dnonas,
239 2127 365 2190 eamque
387 2111 421 2172 tu
444 2111 494 2171 tuo
516 2109 640 2171 nornine
661 2109 690 2171 ei
712 2109 841 2189 dederu,
864 2112 1015 2188 quantum
1037 2109 1082 2172 ad

79 2194 147 2261 iuris
177 2197 377 2278 suptilitatem
409 2196 586 2277 accipientis
615 2196 701 2276 faeta
727 2216 789 2260 non
815 2201 860 2260 est
884 2201 914 2259 et
939 2200 973 2259 tu
997 2195 1080 2276 furti

79 2283 229 2368 illipari85
252 2287 304 2349 sed
325 2285 484 2366 beuipuius
501 2289 552 2366 est,
575 2286 604 2349 si
621 2306 714 2366 aputu
731 2290 838 2349 eontra
856 2305 925 2348 eum
943 2285 1078 2366 quirem

79 2375 197 2456 nooepit,
220 2375 389 2456 euoeptioue
411 2373 474 2438 doli
496 2374 573 2438 mati
595 2395 642 2437 rue
664 2375 856 2438 summoveri,

320 2594 324 2599 -
444 2558 493 2623 De
514 2561 706 2642 usucapione.

156 2674 209 2740 32.
237 2673 276 2738 D.
289 2674 343 2756 41,
358 2674 389 2759 3,
402 2674 454 2738 21.
490 2673 580 2738 Idem
604 2671 660 2759 (se.
679 2672 863 2757 Iavolenus)
882 2673 966 2738 libro
986 2677 1078 2738 sexto

79 2760 301 2846 dpistulsrum.
333 2798 371 2809 -
400 2763 460 2844 Ei,
491 2783 512 2826 a
543 2783 601 2845 quo
625 2762 761 2843 fundum
781 2783 843 2845 pro
869 2763 973 2827 lurede
999 2760 1079 2827 usu²

79 2855 213 2935 upurus
235 2873 329 2933 maru,
353 2853 450 2916 looaoi
469 2872 545 2915 eum.
578 2873 621 2916 an
638 2852 733 2916 ullius
751 2853 897 2915 momenti
914 2873 982 2916 eam
1001 2853 1079 2917 looa

79 2941 183 3006 donem
201 2941 361 3020 existimes,
379 2960 490 3021 quaero
496 2961 507 3017 ;
530 2943 611 3021 quod
630 2942 659 3005 si
676 2941 795 3004 nullius
812 2943 958 3004 momenti
975 2943 1065 3006 euist‘

79 3050 148 3114 nas,
180 3050 224 3094 an
255 3031 369 3094 durare
398 3029 495 3093 uileilo
523 3031 626 3093 miuus
653 3031 867 3109 usucapionem
894 3030 960 3093 eires
983 3030 1079 3110 fetudi

79 3123 160 3183 tutes.
210 3118 284 3182 item
314 3138 439 3201 quaem,
471 3118 500 3182 si
528 3118 624 3182 eidem
652 3119 813 3182 vendidero
840 3139 909 3182 eurn
933 3118 1078 3201 fundum,

79 3208 142 3288 mid
167 3207 205 3272 de
231 3206 280 3270 lu's
306 3207 421 3290 ouuus,
447 3206 615 3286 dequibus
637 3226 734 3288 supra
756 3208 887 3288 quaesit,
916 3207 1078 3270 existimes.

154 3295 339 3377 Respondit:
362 3297 391 3359 si
412 3297 449 3373 is,
472 3297 526 3376 qui
545 3316 602 3375 pro
625 3295 729 3359 lerode
747 3297 881 3375 fundum
892 3295 1077 3377 possidebat,

79 3385 190 3451 lomina
216 3404 285 3448 eum
313 3384 434 3466 loeaoit,
462 3384 580 3448 nullius
607 3385 752 3448 momenti
778 3385 886 3448 looatio
913 3389 969 3467 est,
1001 3385 1078 3465 quoia

139 3564 154 3613 1
174 3557 222 3613 Fl.
240 3556 319 3613 nihil.
393 3563 408 3610 2
430 3557 506 3612 Teio.
526 3555 631 3612 diutius
649 3556 823 3627 possidendo.
