2422 3976
75 118 79 217 i
502 168 527 215 4.
546 159 726 216 PLAUTIUS
1052 161 1117 226 231

75 226 82 483 (
503 340 554 407 Dc
575 343 722 408 societate

75 510 77 515 .
198 449 259 514 29?
283 447 322 516 D.
340 451 389 532 10,
404 449 435 532 3,
451 449 501 532 14,
515 450 545 515 3.
587 449 708 514 Paulus
730 448 814 515 libro
837 448 935 515 tertio
958 450 998 514 ad
1022 449 1117 514 Plau·

75 558 78 631 5
131 533 191 602 tium
220 535 269 627 (P.
290 534 403 625 1087).
433 573 477 584 -
509 535 544 602 Si
576 538 661 602 inter
693 539 797 604 socios
827 538 1045 622 convenisset,
1077 560 1118 603 ne

75 642 77 657 ¹
130 619 195 691 iutra
218 631 342 692 certum
370 631 499 710 tempus
527 627 664 692 societas
696 626 902 711 divideretur,
934 628 1012 712 quin
1040 650 1117 693 ven-

75 660 79 801 (
130 709 184 778 dere
207 715 303 781 liceat
326 716 369 799 ei,
396 715 452 800 qui
479 715 538 779 tali
567 716 777 781 conventione
804 718 945 801 tenetur,
971 739 1038 782 non
1067 721 1116 781 est

75 806 77 813 '
130 796 249 891 dubium,
289 826 387 889 quare
425 807 552 888 emptor
588 824 714 889 quoque
746 805 909 869 communi
942 804 1116 870 dividundo

129 893 227 974 egendo
256 894 368 958 eadem
396 893 581 977 exceptione
610 893 877 977 summovebitur,
909 916 973 978 qua
1004 899 1116 960 auctor

75 1046 79 1111 Ι
129 977 177 1044 eiu
197 986 460 1048 summoveretur.

75 1124 81 1143 ι·
194 1093 347 1154 Plautium
360 1093 456 1170 igitur
466 1091 569 1153 Sabini
583 1093 762 1152 sententiam
776 1091 814 1151 ab
828 1091 958 1169 Ulpiano
975 1093 1116 1153 reiectam

125 1166 217 1331 (pdipg,
228 1185 256 1259 1,
267 1185 319 1259 rc,
330 1187 346 1242 1
359 1203 385 1244 v.
396 1181 437 1262 11,
449 1186 465 1241 1
477 1202 506 1258 p.
516 1173 596 1262 496)
612 1181 708 1242 vuueri
724 1180 857 1241 aruisse
871 1182 996 1241 eumue
1011 1183 1034 1259 1,
1050 1184 1115 1244 484

468 1371 517 1437 Dc
539 1373 608 1436 iure
629 1373 754 1438 dotium.

192 1478 255 1544 30?
284 1479 324 1544 D.
341 1480 391 1563 12,
404 1479 435 1561 4,
450 1479 480 1560 9,
497 1479 524 1541 1.
570 1477 691 1542 Paulus
717 1478 802 1542 libro
826 1479 964 1562 septimo
989 1478 1113 1546 decimo

123 1563 325 1634 adplautium
344 1567 392 1655 (P.
410 1564 519 1654 1237).
538 1602 582 1614 —
601 1566 635 1631 Si
654 1567 726 1652 quis
744 1567 924 1632 indebitam
942 1567 1114 1651 pecuniam

75 1692 77 1697 ·
136 1674 163 1720 er
191 1679 331 1722 errorem
362 1657 453 1721 iussu
483 1655 627 1720 mulieris
660 1677 780 1740 sponso
814 1653 882 1721 eius
910 1655 1115 1740 promisisset

118 1671 287 1831 (dixisset‘t)
311 1749 344 1811 et
365 1745 498 1830 nuptiae
522 1748 651 1809 secutae
669 1746 817 1827 fuissent,
840 1746 1027 1829 exceptione
1046 1745 1114 1811 doli

115 1835 180 1900 meti
211 1837 261 1899 uti
288 1856 355 1899 non
385 1837 505 1918 potest,
539 1833 677 1897 maritus
710 1834 795 1898 enim
826 1855 919 1898 suum
946 1835 1113 1920 negotium

115 1925 189 2006 gerit
215 1927 249 1988 et
270 1923 353 1987 nihil
377 1923 451 1988 dolo
474 1921 554 1986 facit
572 1973 579 1987 .
594 1970 623 1987 ..
644 1920 699 1986 sed
723 1920 752 1986 si
775 1923 882 1988 soluto
905 1924 1112 1990 matrimonio

111 2014 236 2078 maritus
259 2015 398 2096 peteret,
426 2012 460 2075 in
484 2033 522 2076 co
546 2010 714 2076 dumtaxat
737 2011 958 2094 exceptionem
982 2013 1112 2077 obstare

110 2096 230 2182 debere,
253 2101 339 2185 qnod
363 2101 478 2165 mulier
500 2102 669 2182 receptura
692 2104 787 2164 esset.

189 2190 242 2257 31.
266 2188 305 2254 D.
319 2189 373 2269 23,
387 2189 416 2271 3,
431 2188 483 2269 56,
498 2189 528 2253 3.
567 2186 658 2252 Idem
682 2190 738 2270 (sc.
757 2185 892 2273 Paulus)
915 2187 998 2252 libro
1022 2193 1112 2254 sexto

105 2277 141 2342 ad
166 2278 331 2344 Plautium
359 2274 409 2364 (P.
430 2274 541 2361 1128).
568 2313 611 2323 -
641 2274 676 2341 Si
707 2275 843 2359 pecunia
872 2281 904 2339 et
930 2275 1049 2340 fundus
1077 2277 1111 2340 in

104 2365 175 2433 dote
207 2367 275 2431 sint
302 2370 334 2430 et
360 2364 561 2431 necessariae
588 2366 752 2450 impensae
778 2365 813 2429 in
840 2365 975 2429 fundum
998 2365 1112 2445 factae,

102 2452 210 2521 Nerva
232 2457 281 2519 ait
303 2454 412 2520 dotem
433 2454 652 2537 pecuniariam
675 2454 785 2518 minui.

188 2545 240 2609 32.
270 2542 308 2608 D.
323 2543 375 2623 50,
391 2544 442 2624 16,
457 2543 507 2607 79.
553 2541 643 2606 Idem
671 2540 728 2626 (so.
751 2539 885 2627 Paulus)
911 2541 995 2605 libro
1020 2546 1110 2608 sexto

101 2633 140 2697 ad
161 2633 328 2698 Plautium
355 2628 406 2718 (P.
421 2628 532 2717 1127).
551 2667 593 2677 —
612 2630 718 2695 Utiles
746 2631 910 2714 impensas
938 2651 1008 2695 esse
1035 2630 1111 2695 Ful-

100 2722 204 2786 cinius
223 2722 280 2805 ait,
299 2742 380 2806 quae
399 2721 566 2785 meliorem
586 2720 694 2785 dotem
708 2719 841 2797 faciant,
858 2740 924 2783 non
938 2718 1110 2802 (tantum)

98 2811 292 2876 deteriorem
315 2831 385 2874 esse
408 2832 471 2875 non
496 2809 613 2894 sinant,
636 2831 674 2873 ex
698 2808 815 2893 quibus
838 2808 959 2873 reditus
982 2809 1110 2874 mulieri

98 2899 303 2986 adquiratur,
335 2897 429 2963 sicuti
462 2899 586 2963 arbusti
614 2897 869 2980 pastinationem
897 2898 984 2961 ultra
1012 2920 1109 2982 quam

97 3008 230 3054 necesse
262 2987 380 3071 fuerat,
414 2987 491 3050 item
524 2987 702 3051 doctrinam
734 3007 917 3068 puerorum.
972 3009 1107 3070 quorum

95 3075 229 3142 nomine
253 3077 381 3140 onerari
402 3076 572 3140 mulierem
594 3076 800 3159 ignorantem
820 3075 871 3138 vel
889 3076 1024 3139 invitam
1042 3097 1108 3139 non

99 3168 241 3250 oportet,
269 3185 310 3228 ne
337 3168 473 3248 cogatur
500 3164 601 3229 fundo
630 3168 688 3228 aut
715 3164 883 3248 mancipiis
912 3185 1028 3229 carere.
1074 3164 1108 3226 in

98 3251 147 3320 bis
174 3253 332 3337 impensis
361 3257 393 3317 et
419 3252 594 3338 pistrinum
621 3256 655 3317 et
680 3252 831 3318 horreum
858 3253 984 3318 insulae
1008 3251 1108 3315 dotali

100 3343 261 3409 adiectum
283 3341 468 3426 plerumque
490 3340 642 3406 dicemus.

186 3431 240 3496 33.
258 3429 297 3495 D.
306 3430 457 3515 24,1,28‚
467 3430 496 3496 3.
519 3429 637 3495 Paulus
647 3429 732 3496 libro
748 3431 885 3513 septimo
901 3430 941 3493 ad
951 3427 1107 3493 Sabinum

102 3515 146 3601 (P.
163 3516 274 3606 1752).
299 3555 338 3566 -
364 3518 398 3584 Si
421 3541 459 3584 ex
483 3520 591 3584 decem
614 3519 742 3584 donatis
766 3519 828 3583 sibi
846 3518 962 3582 mulier
980 3537 1107 3581 servum
