2422 3976
95 196 161 261 304
197 197 230 252 V.
249 194 399 252 NERVAE
417 195 464 249 ΕΤ
484 194 636 250 TRAIANI
654 193 761 250 ΤΕΜΡ.
780 193 877 250 IURIS
896 194 1034 252 CONSUL

381 383 428 442 De
449 384 637 442 instrumento
660 382 818 443 balnearia

182 499 234 565 30.
257 499 297 564 D.
316 500 391 564 ibid.
410 503 430 581 ξ
447 503 473 565 l.
495 536 536 546 -—
558 500 777 566 Instrumento
801 500 970 566 balneario
995 502 1034 587 lep

92 590 190 654 etiam
213 588 435 654 balneatorem
459 589 616 653 contineri
640 586 793 654 Neratius
815 589 993 671 respondit

314 737 316 742 V
383 772 430 831 De
451 774 558 831 memo
580 771 693 831 bordne
715 772 813 846 leuato.

182 891 234 956 31.
257 890 295 955 D.
311 891 429 974 30,13.
465 889 554 954 Idem
574 888 632 973 (so.
649 888 861 974 Pomponius)
880 889 966 954 libro
987 912 1034 975 qu

93 976 260 1066 (quintol)
280 979 320 1044 ad
335 977 489 1043 Sabinum
508 977 555 1061 (P.
571 976 661 1064 439).
682 1014 720 1026 -
742 977 822 1044 Cum
841 980 987 1044 ineertus
1006 979 1034 1043 ln

92 1068 172 1152 <per
194 1067 466 1151 vindicationem>
489 1067 617 1150 legatus
640 1066 703 1131 tibi
725 1072 817 1150 esset,
841 1068 936 1132 heres
956 1065 1035 1134 Stiel

94 1178 187 1222 servo
205 1160 262 1221 tuo
281 1156 415 1220 tradidit
433 1155 609 1239 (mancipio
624 1152 760 1242 dediti).
796 1154 953 1221 Neratius
972 1178 1034 1241 res]

94 1246 151 1331 dit,
174 1247 201 1310 si
223 1246 390 1310 voluntate
413 1244 536 1309 domini
559 1243 694 1308 tradidit
711 1240 887 1331 (mancipio
908 1242 1034 1332 deditr)

93 1337 201 1399 ratum
223 1334 285 1399 hoe
308 1334 457 1398 dominus
480 1333 639 1417 habuerit,
661 1333 793 1416 perinde
817 1355 890 1398 eum
923 1333 1034 1401 liberat

95 1428 191 1508 utque
216 1423 243 1486 si
268 1420 397 1487 Stichus
420 1423 549 1507 legatus
573 1424 666 1486 esset.

377 1605 524 1664 Denaris
547 1605 688 1664 doctrinis
711 1605 819 1679 leporis.

183 1721 248 1786 32?
286 1720 327 1786 D.
346 1721 397 1804 34,
416 1724 446 1802 2,
466 1724 518 1801 32,
537 1722 567 1787 5.
617 1721 736 1786 Paulus
773 1723 857 1788 libro
891 1724 1031 1788 seeundo

96 1810 266 1875 Vitellium
290 1808 338 1896 (P.
353 1811 479 1894 2074b).
501 1848 538 1856 —
563 1808 719 1876 Neratius
742 1811 915 1876 Proculum
938 1813 1034 1878 refert

69 1898 313 1984 „respondisset
349 1900 454 1964 vasis.
473 1898 636 1965 eleotrinis
672 1900 790 1984 legatis
827 1899 909 1965 nihil
941 1902 1034 1966 interr

94 1992 250 2072 quantum
281 2009 319 2052 ea
347 2011 438 2071 vasa,
470 1989 508 2052 de
536 1989 651 2069 quibus
679 1989 859 2073 quaeritur,
891 1991 1020 2073 argenti

95 2077 208 2141 electri
230 2074 400 2158 habeant¹‚
425 2077 480 2141 sed
504 2082 612 2142 utrum
630 2081 802 2162 argentum
821 2079 942 2143 electro
962 2101 1004 2144 an
1022 2100 1034 2142 e

94 2172 183 2230 trum
208 2171 342 2249 argento
366 2166 480 2231 cedat?
526 2166 559 2230 id
583 2187 622 2229 ex
644 2170 776 2249 aspectu
799 2188 952 2231 vasorum
977 2166 1034 2232 faoi

93 2255 240 2339 intellegi
263 2276 367 2336 posse.
402 2255 501 2338 [quod
525 2255 552 2318 si
575 2254 609 2317 in
632 2254 769 2320 obscuro
793 2255 844 2335 sit,
868 2256 1034 2339 inspicien(

94 2348 154 2427 est,
177 2345 211 2406 in
234 2348 307 2407 utro
330 2365 462 2407 numero
483 2365 521 2407 ea
538 2365 617 2408 vasa
635 2343 673 2427 is,
696 2343 750 2427 qui
769 2347 1000 2409 testamentum
1017 2344 1034 2407 fi

93 2432 265 2513 habuerit]

408 2521 566 2586 Familiae
587 2521 789 2586 amandae.

183 2646 234 2709 33.
263 2642 301 2707 D.
319 2644 369 2723 10,
384 2645 413 2727 2,
428 2645 481 2725 20,
497 2646 525 2709 7.
570 2643 729 2728 Ulpianus
757 2644 839 2709 libro
869 2667 954 2711 nono
978 2647 1034 2710 deo]

95 2733 136 2796 ad
165 2733 304 2797 edictum
332 2730 381 2815 (P.
401 2732 489 2815 634).
521 2770 557 2779 —
589 2731 742 2798 Neratius
763 2735 991 2817 ..respondit:
1019 2756 1034 2795 e

94 2821 150 2906 qui
176 2822 283 2903 plures
305 2821 390 2886 filios
413 2822 561 2905 haberet,
588 2844 686 2886 unum
711 2845 749 2886 ex
771 2822 846 2886 filiis
872 2822 1034 2905 dyuvodee

95 2915 319 2991 suscepturum
356 2909 538 2993 professum
579 2933 647 2974 esse
686 2916 718 2976 et
754 2911 944 2996 priusquam
981 2914 1034 2976 hor

95 2994 277 3082 (munerei)
310 2996 512 3084 fungeretur,
546 3004 709 3064 mortuum
739 3021 809 3063 esse
842 3002 992 3065 omnibus
1022 2999 1034 3062 t

94 3086 264 3151 heredibus
293 3085 465 3171 institutis,
498 3092 529 3151 et
557 3088 739 3172 quaesitum
767 3110 850 3171 esse,
883 3111 925 3153 an
952 3090 979 3153 is
1005 3088 1034 3152 fil

95 3175 180 3258 quod
212 3177 246 3239 in
275 3196 346 3239 eam
375 3199 442 3240 rem
471 3176 694 3262 impendisset,
725 3176 871 3242 familiae
900 3179 1034 3242 ereisoun

94 3269 323 3348 consequatur,
351 3264 441 3348 eique
468 3265 672 3349 respondisse
701 3266 778 3349 <se>
806 3267 897 3331 nulla
921 3267 1034 3331 actions

94 3348 185 3416 earn2
208 3372 361 3434 consequr
383 3376 487 3436 posse.

166 3497 180 3542 1
200 3491 248 3546 Fi.
266 3490 415 3547 habebant.

165 3568 180 3614 2
202 3562 248 3616 Fi.
268 3561 342 3616 idem
361 3564 460 3617 emend.
481 3563 618 3618 Ouiueius.
