2422 3976
105 193 170 259 382
207 193 241 249 V.
258 191 408 248 NERVAE
427 191 474 246 ΕΤ
493 191 648 246 TRAIANI
666 190 774 248 ΤΕΜΡ.
791 190 888 248 IURIS
903 190 1089 249 CONSULTI

57 432 58 435 Ἴ
104 379 220 423 comma
242 380 338 437 neque
359 360 511 420 Aristonis
533 378 629 436 neque
647 358 737 419 Pauli
760 378 824 420 esse
847 360 958 438 iudico,
983 361 1037 421 sed
1054 361 1120 420 Tri·

102 450 225 511 horiani
256 450 293 508 de
325 449 515 509 Trebelliano
548 451 671 508 senatus
699 450 835 508 consulto
863 467 944 510 nova
971 451 1120 527 quaedam

105 538 276 599 statuentis.
320 539 394 598 lust.
411 541 440 615 2,
454 540 505 615 23,
522 541 549 597 7.

192 626 235 687 cf.
269 625 334 686 Gai.
360 631 393 703 2,
416 629 481 689 254
496 645 539 703 sq.
597 620 668 703 ‘per
703 625 783 702 quod
820 627 1115 688 senatusconsultum

103 708 159 797 (se.
181 707 397 796 Pegasianum)
419 717 484 791 ipse
506 709 635 794 (heres)
658 733 749 777 onore
770 715 954 777 hereditaria
979 716 1114 789 sustinet,

101 804 154 865 ille
179 808 283 864 autem
307 804 357 881 qui
381 823 417 863 ex
438 803 665 864 fideicommisso
688 802 979 881 reliquampartem
1002 804 1114 864 heredi-

102 893 175 954 tatis
198 893 314 969 recipit,
336 893 477 970 legatarii
499 892 636 970 partierit
659 893 725 953 loco
748 897 802 970 est,
825 892 857 952 id
880 894 928 952 est
950 893 1017 952 eius
1035 894 1112 973 lega·

101 982 172 1041 terii
197 981 245 1041 eui
268 1000 337 1058 pars
360 983 507 1043 bonorum
529 982 719 1058 legatur...
738 981 771 1040 in
793 983 957 1061 utrumque
981 981 1110 1042 actiones

100 1070 299 1130 hereditariae
327 1089 381 1147 pro
409 1075 478 1130 rata
500 1073 586 1147 parte
614 1071 736 1144 dantur,
763 1069 796 1128 in
823 1069 966 1130 heredem
994 1070 1108 1149 quidem

101 1158 166 1218 iure
189 1159 284 1236 civili,
312 1158 343 1218 iu
371 1178 439 1218 eum
466 1178 538 1219 vero
562 1159 612 1236 qui
635 1158 742 1234 recipit
764 1157 980 1237 hereditatem,
1009 1178 1044 1221 ex
1067 1177 1107 1218 se-

100 1249 327 1308 natusconsulto
351 1241 559 1308 Trebelliano'.

189 1350 242 1414 24.
270 1348 310 1415 D.
325 1350 377 1433 36,
394 1352 420 1434 1,
435 1351 488 1417 22.
533 1347 729 1434 Pomponius
757 1349 841 1414 libro
864 1348 1043 1417 vicensimo
1066 1369 1105 1413 se

100 1438 205 1502 cundo
234 1438 274 1502 ad
298 1436 453 1504 Sabinum
477 1435 527 1525 (Ρ.
546 1435 634 1523 696).
660 1474 698 1484 -
723 1437 827 1503 Heres
855 1459 930 1504 cum
958 1437 1106 1505 debuerat

100 1530 250 1610 quartam
269 1528 419 1609 retinere,
436 1530 542 1593 totam
559 1525 773 1592 hereditatem
791 1525 937 1591 restituit
953 1548 1015 1593 uec
1028 1525 1105 1592 cavit

101 1615 164 1679 sibi
190 1615 400 1698 stipulatione
423 1615 600 1699 proposita.
645 1615 785 1681 similem
809 1636 883 1679 eum
905 1635 979 1681 esse
1002 1615 1104 1681 Aristo

100 1702 147 1766 ait
169 1702 245 1786 illis,
268 1706 323 1790 qui
345 1705 551 1788 retentiones,
575 1725 656 1789 quas
679 1704 765 1770 solas
789 1703 919 1789 habent,
943 1702 1104 1786 omittunt3

100 1790 155 1855 sed
180 1813 276 1875 posse
298 1814 371 1857 eum
389 1815 497 1860 rerum
515 1792 783 1859 hereditariarum
800 1791 1043 1876 possessiouem
1060 1790 1104 1857 rel

100 1884 246 1964 repetere
273 1883 324 1946 vel
351 1883 492 1947 nancisci
522 1887 554 1947 et
581 1881 734 1948 adversus
762 1885 913 1966 agentem
941 1881 1010 1948 doli
1034 1877 1103 1947 mali

100 1970 288 2053 exceptione
321 1972 384 2057 uti;
406 1993 502 2054 posse
530 1993 603 2036 eum
632 1975 664 2034 et
688 1968 887 2035 debitoribus
911 1969 1103 2050 denuntiare,

96 2079 137 2123 ne
161 2059 347 2125 solveretur.

429 2165 479 2230 De
502 2166 638 2231 libertate
658 2166 773 2230 relicto.

187 2271 239 2336 25.
262 2270 303 2336 D.
317 2273 370 2354 40,
383 2273 415 2357 4,
429 2274 458 2338 2.
495 2272 584 2336 ldem
608 2269 665 2358 (sc.
686 2269 862 2358 Ulpianus)
886 2271 973 2336 libro
997 2273 1103 2356 quinto

99 2361 139 2425 ad
169 2358 324 2457 §abimum
353 2361 401 2443 (P.
420 2359 544 2446 24640).
571 2398 615 2407 -
644 2358 678 2426 si
711 2362 781 2444 quis
808 2362 855 2425 ita
882 2360 1036 2426 heredem
1062 2362 1102 2425 iu·

100 2451 244 2514 stituerit
267 2449 384 2514 ‘Titius
408 2450 501 2514 heres
525 2454 604 2514 esto.
651 2450 678 2513 si
702 2449 806 2513 Titius
830 2449 924 2514 heres
947 2472 1017 2514 non
1040 2451 1102 2526 erit,

99 2538 229 2605 Stichus
267 2539 360 2602 heres
397 2543 482 2621 esto;
515 2536 645 2603 Stichus
687 2538 767 2603 liber
800 2535 896 2620 esto’,
938 2560 1008 2605 non
1041 2559 1103 2603 esse

98 2625 243 2692 Stichum
266 2627 404 2691 liberum
428 2628 539 2691 Aristo
564 2627 610 2691 ait
633 2626 718 2691 Titio
742 2627 858 2691 herede
882 2626 1052 2692 existente.

185 2733 237 2797 26.
260 2732 300 2797 D.
315 2735 367 2814 28,
381 2733 411 2818 6,
425 2734 455 2816 9,
472 2735 519 2798 14.
561 2733 720 2816 Ulpianus
743 2734 825 2798 libro
850 2733 965 2818 quinto
991 2736 1032 2799 ad
1053 2732 1102 2798 Sa·

97 2821 208 2885 binum
236 2818 285 2905 (Ρ.
305 2823 417 2907 2464).
445 2859 487 2871 -
521 2821 557 2887 si
585 2823 657 2906 quis
689 2824 738 2887 ita
770 2822 937 2907 scripserit
964 2820 1102 2888 ‘Stichus

95 2910 178 2973 liber
198 2913 267 2974 esto
287 2914 328 2993 et,
346 2915 559 2996 posteaquam
577 2912 660 2975 liber
679 2912 749 2994 erit,
767 2910 861 2975 heres
876 2908 969 2996 esto',
988 2911 1102 2992 Labeo,

94 2996 247 3062 Neratius
281 3002 313 3062 et
341 2999 453 3065 Aristo
487 3001 661 3084 opinantur
693 3000 837 3065 detracto
872 3000 972 3065 verbo
1001 3001 1101 3067 medio

95 3086 232 3171 ‘postea’
264 3087 361 3152 simul
389 3089 418 3152 ei
445 3092 478 3153 et
505 3090 688 3154 libertatem
717 3092 749 3153 et
776 3088 993 3154 hereditatem
1022 3111 1100 3154 com-

94 3180 211 3259 petere.

183 3283 235 3346 27.
254 3281 292 3347 D.
307 3283 359 3366 40,
373 3282 402 3365 5,
417 3285 468 3349 20.
505 3284 702 3368 Pomponius
717 3284 800 3348 libro
815 3283 957 3366 septimo
972 3284 1098 3369 Epistu-

94 3371 199 3436 larum
223 3370 270 3458 (Ρ.
293 3366 379 3457 190).
406 3409 444 3418 —
469 3373 565 3456 Apud
588 3372 750 3437 Iulianum
777 3371 826 3436 ita
853 3373 1014 3456 scriptum
1042 3378 1099 3437 est:

95 3458 134 3523 ‘si
162 3460 256 3525 heres
278 3464 412 3544 rogatus
435 3483 563 3527 servum
587 3462 813 3526 manumittere
837 3482 875 3525 ex
899 3460 1099 3528 Trebelliano

94 3554 226 3613 senatus
253 3550 399 3614 consulto
423 3549 633 3615 hereditatem
661 3550 852 3633 restituerit,
876 3551 950 3637 cogi
974 3549 1098 3616 debebit
