2422 3976
69 975 132 1073 ΠΙ.
169 976 288 1074 CAH
321 975 549 1074 CLAUDII
579 976 816 1076 NERCNIC
850 977 1068 1078 CALBAE

140 1152 375 1251 OTHONIS
408 1152 654 1251 VITELLII
691 1153 995 1254 TEMPCRUM

334 1330 483 1429 IURIC
522 1329 789 1429 CONSULTI

147 1552 270 1611 Sueten.
299 1550 393 1629 Calig.
423 1553 474 1611 34.
533 1551 577 1611 De
608 1551 683 1612 iuris
713 1597 719 1610 .
745 1597 752 1610 .
783 1555 939 1629 consultis,
981 1556 1068 1632 quasi

64 1641 201 1700 scientiae
231 1659 334 1700 eorum
363 1660 480 1699 omnem
508 1659 596 1699 usum
624 1640 791 1700 aboliturus
819 1660 906 1718 saepe
934 1643 1067 1718 iactavit,

63 1747 89 1788 se
118 1729 291 1789 mehercule
328 1729 518 1802 effecturum,
554 1749 591 1788 ne
627 1730 699 1807 quid
735 1730 915 1805 respondere
950 1733 1068 1807 possint

61 1823 176 1894 praeter
199 1838 277 1878 eurn.

145 1908 260 1966 Seneca
299 1906 331 1965 in
372 1907 612 1983 apocolocyntosi
646 1909 686 1965 12
730 1898 885 1986 (Petronii
927 1912 982 1968 sat.
1021 1910 1065 1968 ed.

60 1996 223 2056 Buecheler
246 2016 274 2071 p.
295 1986 374 2075 234)
402 1997 439 2054 de
466 2015 568 2054 rerum
597 1998 666 2071 post
689 1994 808 2054 Claudii
831 1999 959 2056 mortem
983 2001 1066 2057 statu

59 2089 172 2144 narrat:
209 2079 341 2161 ‘Agatho
366 2090 397 2143 et
419 2084 507 2158 pauci
531 2083 673 2143 causidici
695 2084 867 2160 plorabant,
898 2086 949 2144 sed
977 2088 1065 2162 plane

59 2193 92 2233 ex
114 2175 223 2234 animo.
269 2173 474 2232 iurisconsulti
498 2191 533 2231 ex
561 2171 692 2231 tenebris
715 2172 928 2248 procedebant,
951 2176 1066 2255 pallidi,

58 2264 192 2341 graciles,
216 2263 267 2320 vix
290 2263 420 2321 animam
442 2261 596 2336 habentes,
620 2264 764 2337 tanquam
783 2262 920 2338 quitum
939 2264 1065 2322 maxime

57 2353 278 2412 reviviscerent.
315 2371 351 2410 ex
372 2350 419 2409 his
439 2367 515 2408 unus
534 2369 602 2409 cum
621 2351 745 2411 vidisset
763 2350 863 2425 capita
881 2352 1066 2410 conferentes

59 2443 88 2500 et
114 2440 253 2500 fortunas
281 2457 351 2499 enas
380 2439 569 2515 deplorantes
599 2438 777 2515 causidicos,
810 2439 925 2498 accedit
952 2442 983 2498 et
1009 2440 1065 2498 ait:

57 2529 192 2588 dicebam
215 2528 313 2589 vobis:
336 2547 395 2587 non
418 2545 536 2603 semper
559 2526 730 2586 Saturnalia
753 2522 861 2586 erunt'.

58 2705 81 2752 1.
102 2697 244 2752 Curtilius.
264 2727 297 2738 -
323 2703 348 2752 2.
368 2696 469 2752 Varius
489 2697 631 2753 Lucullus.
655 2727 688 2736 -
713 2703 737 2751 3.
761 2695 798 2750 M.
819 2695 950 2751 Cocceius
972 2695 1066 2751 Nerva

56 2768 92 2825 Μ,
107 2770 127 2824 f.
149 2799 182 2808 -
202 2773 227 2824 4.
248 2769 277 2824 C.
294 2767 403 2823 Cassius
421 2767 572 2838 Longinus.
592 2799 625 2808 -
644 2771 669 2822 5.
688 2766 797 2823 Pedius.
816 2797 849 2806 -
870 2772 893 2824 6.
914 2766 1065 2836 Longinus.

56 2871 90 2880 -
110 2847 133 2896 7.
155 2840 296 2895 Proculus.
312 2870 345 2879 -
365 2845 389 2896 8.
405 2838 520 2894 Urseius
535 2838 630 2894 Ferox.
646 2870 679 2879 -
694 2842 719 2894 9.
733 2837 891 2895 Atilicinus.
907 2869 939 2878 —
956 2843 997 2892 10.
1012 2837 1066 2891 Fu·

331 2911 421 2965 fidius.
436 2942 465 2952 -
479 2915 520 2965 11.
540 2910 671 2966 Caninius
690 2907 811 2964 Rebilus.

405 3140 440 3221 l.
468 3144 718 3217 CARTILIUS

144 3289 219 3348 iuris
238 3291 393 3351 consultus
406 3290 536 3368 ignotus,
555 3289 612 3349 nisi
626 3289 705 3365 quod
718 3288 862 3349 Proculus
876 3292 908 3348 et
919 3287 1065 3363 Ulpianus

60 3377 119 3437 eius
147 3379 313 3439 sententias
341 3380 478 3458 laudant,
507 3378 615 3455 quibus
644 3378 800 3437 sententiis
827 3394 970 3454 responsa
997 3393 1065 3434 con·

60 3466 144 3526 lineri
166 3467 314 3529 videntur.

820 3566 858 3624 1*
