2422 3976
101 193 164 258 156
180 193 226 250 lIL
237 192 312 248 GAII
324 191 471 248 CLAUDII
481 190 615 248 NERON.
626 190 771 248 GALBAE
782 192 889 250 TEMP.
899 191 995 250 IURIS
1008 192 1111 252 DQNS.

183 360 265 430 Quae
293 362 471 436 sequnntur:
500 353 558 419 ‘sin
585 362 686 420 autem
709 359 843 419 nondum
865 361 939 420 mibi
962 360 1106 421 damnum

96 449 223 525 dederis,
242 449 293 508 sed
307 450 350 508 ita
363 449 465 527 ignem
477 448 597 525 habeas,
616 451 652 508 ut
664 451 805 526 metuam,
822 468 860 508 ne
874 449 948 508 mihi
963 450 1114 510 damnum·

95 539 160 613 des,
194 538 294 596 damni
326 537 430 597 infecti
460 540 534 614 puto
567 536 701 597 sufficere
734 530 915 598 cautionem'
944 557 1005 598 non
1032 539 1114 599 item¹

95 645 113 686 a
135 625 260 685 Proculo
283 625 430 702 Ulpianus
453 626 573 686 videtur
595 626 805 702 desumpsisse.

183 711 248 774 69⁸.
282 708 397 775 Collat.
418 710 469 792 12,
488 709 517 790 7,
536 709 566 775 9.
616 707 774 792 Ulpianus
806 709 890 775 libro
919 709 1034 776 XVIII
1065 710 1104 777 ad

96 797 236 862 edictum
247 794 297 884 (P.
317 795 421 884 62312).
432 833 475 845 -
489 797 645 863 Proculus
664 845 694 863 ..
712 798 887 883 respondit,
905 820 978 865 oum
997 799 1103 866 coloni

97 887 179 951 servi
213 885 326 951 villam
361 887 555 969 exusserint,
586 886 736 951 colonum
768 887 819 952 vel
852 909 892 952 ex
918 888 1026 954 locato
1053 888 1111 954 vel·

94 975 166 1060 lege
185 973 317 1062 Aquilia
335 975 448 1060 teneri,
471 976 519 1039 ita
537 978 573 1039 ut
591 975 724 1040 colonus
743 997 853 1040 servos
872 979 985 1059 posset
1002 998 1106 1044 noxae

94 1063 223 1145 dedere,
254 1067 287 1128 et
320 1063 348 1128 si
381 1086 444 1129 uno
476 1063 592 1128 iudicio
621 1085 673 1128 res
701 1068 787 1128 esset
813 1064 968 1148 iudicata,
1002 1066 1109 1132 altero

94 1153 232 1236 amplius
254 1174 320 1217 non
344 1151 512 1234 agendum.

183 1239 250 1306 69¹².
273 1240 516 1325 D.9,2,27,11.
558 1239 718 1324 Ulpianus
742 1241 827 1306 libro
846 1243 961 1307 octavo
981 1242 1102 1308 deoimo

95 1329 135 1394 ad
158 1329 296 1394 edietum
316 1379 323 1393 .
341 1365 386 1375 -
404 1328 561 1394 Proculus
585 1331 640 1410 ait,
664 1351 736 1394 cum
758 1329 866 1395 coloni
885 1330 970 1395 servi
993 1331 1102 1396 villam

94 1418 306 1502 exussissent,
339 1418 486 1483 colonum
514 1417 566 1483 vel
594 1440 632 1482 ex
661 1418 768 1483 locato
798 1419 848 1484 rel
874 1419 945 1504 lege
974 1417 1105 1505 Aquilia

95 1506 209 1588 teneri,
245 1508 293 1570 ita
330 1510 367 1571 ut
398 1506 530 1571 colonus
565 1506 671 1592 possit
703 1528 812 1572 servos
844 1527 948 1573 noxae
981 1508 1106 1596 dedere,

96 1599 129 1659 et
161 1595 188 1659 si
220 1615 286 1659 uno
316 1594 433 1660 iudicio
462 1616 513 1660 res
541 1598 626 1660 esset
653 1595 807 1678 iudicata,
836 1596 940 1662 altero
968 1598 1107 1680 amplius

21 1701 23 1706 ·
99 1703 164 1747 non
189 1683 358 1766 agendum.

184 1772 235 1836 70.
263 1769 378 1836 Collat.
396 1772 489 1856 lat,
506 1773 557 1837 10.
601 1771 763 1856 Ulpianus
786 1771 807 1836 l.
825 1773 846 1839 l.
872 1806 908 1820 -·
936 1821 966 1839 ..
990 1771 1105 1840 Delsus

93 1859 177 1922 libro
204 1858 332 1923 XXVII
357 1860 568 1944 Digestorum
596 1860 721 1926 scribit:
750 1861 778 1925 si
805 1883 877 1926 cum
906 1883 985 1945 apes
1013 1885 1108 1929 meac

94 1947 134 2012 ad
158 1952 232 2012 tuas
252 1948 466 2033 advolassent,
488 1953 524 2014 tn
542 1971 596 2014 eas
617 1949 785 2033 exusseris,
808 1950 964 2034 quosdam
983 1972 1103 2036 negare

95 2040 277 2120 competere
300 2037 381 2122 legis
401 2037 550 2121 Aquiliae
574 2037 740 2120 actionem,
765 2039 851 2103 inter
874 2060 954 2123 quos
978 2044 1012 2105 et
1030 2039 1105 2106 Pro·

96 2126 214 2211 culum,
232 2126 324 2210 quasi
344 2149 420 2212 apes
436 2126 557 2191 domini
577 2127 640 2191 mei
659 2147 724 2191 non
738 2125 866 2192 fuemnt.
949 2127 1104 2194 Proculus

96 2235 134 2277 eo
172 2218 327 2293 movetur,
364 2215 449 2300 quod
485 2237 544 2280 nec
580 2220 767 2280 mansuetae
803 2237 861 2280 nec
897 2216 945 2280 ita
978 2218 1106 2283 clausae

96 2302 217 2366 fuerint
240 2304 268 2386 <.
285 2353 291 2368 .
306 2304 345 2388 ..>

183 2397 220 2458 D.
238 2399 267 2475 9,
283 2400 311 2473 2,
328 2400 378 2475 27,
395 2400 434 2457 12
464 2398 537 2457 haec
565 2399 685 2457 tantum
708 2398 839 2457 exhibet:
873 2390 917 2456 ‘si
944 2417 1012 2458 cum
1036 2417 1106 2477 apes

94 2503 179 2545 meae
201 2487 240 2544 ad
258 2490 326 2546 tuas
345 2485 544 2554 advolassent,
568 2489 604 2544 tu
622 2504 673 2545 eas
692 2486 848 2560 exusseris,
871 2487 948 2565 legis
965 2489 1108 2566 Aquiliae

96 2575 245 2634 actionem
268 2578 435 2652 competere
459 2573 564 2634 Celsus
587 2568 650 2634 ait'.

184 2658 235 2720 71.
263 2657 301 2723 D.
316 2658 345 2738 9,
360 2658 456 2742 2,29‚
473 2658 500 2722 1.
545 2655 707 2743 Ulpianus
733 2657 819 2723 libro
843 2661 957 2724 octavo
982 2660 1109 2727 decimo

96 2744 136 2808 ad
164 2744 303 2810 edietum
331 2744 380 2831 (P.
398 2743 502 2832 625⁶).
529 2783 574 2793 -
601 2746 635 2812 si
663 2750 843 2830 protectum
871 2768 994 2833 meum,
1024 2748 1114 2834 quod¹

97 2854 194 2916 supra
223 2833 352 2898 domum
380 2839 471 2900 tuam
498 2836 585 2900 nullo
615 2835 683 2899 iure
709 2835 883 2914 habebam,
910 2837 1114 2921 reccidisses,

95 2942 190 3003 posse
213 2943 264 2985 me
288 2928 393 2987 tecum
417 2923 525 2988 damni
549 2924 668 2987 iniuria
691 2945 785 3008 agere
803 2923 959 2989 Proculus
978 2927 1109 3011 scribit3

96 3008 235 3074 debuisti
268 3010 352 3075 enim
384 3034 509 3078 mecum
541 3011 590 3076 ius
623 3012 704 3076 mihi
735 3033 800 3076 non
827 3033 895 3077 esse
923 3018 1110 3097 protectum

96 3097 214 3163 habere
238 3119 345 3183 agere,
368 3123 426 3166 nec
450 3122 520 3165 esse
544 3122 680 3185 aequum
704 3099 855 3165 damnum
879 3122 929 3165 me
951 3102 1023 3186 pati
1043 3125 1108 3168 rec·

97 3186 172 3250 cisis
197 3210 215 3251 a
237 3192 269 3253 te
294 3189 373 3252 meis
397 3190 505 3272 tignis.

186 3277 236 3342 72.
269 3277 307 3341 D.
327 3278 357 3358 9,
371 3277 401 3361 2,
417 3279 444 3356 7,
460 3280 488 3342 8.
538 3277 697 3362 Ulpianus
725 3277 808 3343 libro
838 3281 953 3344 octavo
981 3279 1111 3346 decimo

97 3363 137 3426 ad
170 3365 308 3430 edietum
341 3361 390 3451 (P.
414 3365 516 3450 614)
547 3403 584 3413 -
614 3366 769 3431 Proculus
803 3367 864 3451 ait,
901 3367 929 3431 si
963 3370 1111 3436 medicus

97 3474 223 3517 servum
251 3453 398 3536 imperite
427 3456 577 3538 secuerit,
604 3455 656 3520 rel
684 3477 722 3518 ex
749 3457 855 3522 locato
887 3457 937 3520 vel
966 3477 1005 3521 ex
1037 3458 1111 3544 lege

96 3540 228 3625 Aquilia
247 3545 427 3624 competere
448 3544 615 3607 actionem.
686 3568 688 3572 ·
