2422 3976
96 205 161 270 536
465 199 742 259 ADDITAMENTA.

96 391 193 453 num,
221 366 333 432 Sabini
365 371 398 430 et
426 364 530 432 Cassii
557 374 590 431 et
616 366 744 431 Proculi
768 366 951 450 expositam
979 388 1049 431 esse
1079 369 1113 432 in

100 455 287 542 quaestione
310 456 405 520 huius
424 455 511 519 modi
530 455 795 520 controversiam:
820 477 862 518 an
885 456 1010 540 legata,
1032 479 1112 542 quae

100 549 313 630 posteaquam
344 544 487 608 instituti
520 548 657 608 mortem
688 542 838 607 obierunt
870 544 1029 609 codicillis
1062 547 1111 610 ad·

101 635 223 717 scripta
245 634 296 696 vel
320 633 471 716 adempta
495 638 584 715 sunt,
608 654 627 696 a
651 632 837 696 substitutis
864 633 1057 718 debeantur,
1080 635 1110 696 id

100 726 150 786 est
177 744 216 786 an
246 721 378 806 perinde
402 722 489 786 datio
514 726 546 786 et
570 721 732 805 ademptio
757 721 857 786 etiam
880 720 943 787 hoc
967 725 1110 806 tempore

100 811 257 876 codicillis
279 809 367 874 faeta
389 809 498 874 valeat
520 832 558 873 ac
581 811 609 873 si
631 812 827 874 testamento
850 810 939 874 facta
958 816 1046 875 esset

399 994 446 1051 De
466 993 618 1067 peneribns
641 993 805 1066 deputornm.

263 1107 308 1162 De
326 1124 355 1164 eo
373 1110 445 1177 qnod
460 1125 511 1177 per
529 1109 741 1164 vindicationem
758 1109 876 1178 deputam
895 1115 942 1165 est.

188 1218 240 1282 23.
266 1217 380 1296 (tata,
397 1218 470 1282 198.
491 1254 536 1264 -
559 1266 589 1281 ..
609 1219 636 1281 si
656 1219 728 1301 quis
746 1240 814 1282 rem
834 1239 926 1282 suam
945 1219 1107 1305 legaverit,

98 1305 303 1390 deindepost
321 1310 552 1370 testamentum
571 1306 694 1370 factum
712 1329 783 1370 eam
803 1307 1004 1394 alienaverit,
1016 1310 1107 1393 pleri·

97 1416 158 1478 que
191 1398 309 1478 putant
335 1417 401 1460 non
429 1396 534 1460 solum
561 1395 630 1458 iure
665 1395 752 1459 civili
782 1396 897 1460 inutile
925 1418 997 1461 esse
1025 1398 1106 1482 lega·

94 1487 179 1565 tum,
213 1483 268 1548 sed
300 1505 360 1548 nec
390 1506 429 1548 ex
462 1485 743 1548 senatusconsulto
771 1481 827 1570 (sc.
861 1484 949 1569 quod
982 1489 1104 1551 auctore

96 1570 226 1637 Nerone
253 1571 389 1637 Caesare
421 1572 544 1637 factum
577 1569 640 1659 est)
678 1572 871 1638 confirmari.
925 1575 1011 1658 quod
1038 1576 1104 1639 ideo

95 1659 217 1724 dictum
246 1664 308 1738 est,
337 1661 414 1745 quia
442 1665 474 1724 et
503 1662 531 1725 si
555 1683 613 1744 per
637 1660 878 1726 damnationem
902 1663 1021 1747 aliquis
1043 1685 1103 1727 rem

96 1770 188 1812 snam
220 1749 379 1831 legaverit
416 1771 551 1834 eamque
583 1754 697 1833 postea
729 1750 931 1834 alienaverit,
965 1751 1102 1836 plerique

95 1840 225 1922 putant,
247 1838 323 1902 licet
345 1837 417 1921 ipso
440 1839 509 1902 iure
532 1838 688 1903 debeatur
711 1838 865 1923 legatum,
887 1843 1000 1903 tamen
1023 1840 1101 1924 lega·

95 1925 215 1989 tarium
251 1929 416 2009 petentem
453 1948 547 2011 posse
585 1948 643 2010 per
679 1927 900 2010 exceptionem
936 1928 1003 1992 doli
1033 1928 1101 1992 mali

96 2014 218 2098 repelli,
242 2016 333 2099 quasi
358 2018 469 2079 contra
491 2016 691 2079 voluntatem
714 2015 857 2079 defuncti
880 2021 983 2100 petat.

185 2122 238 2186 24.
263 2121 332 2186 Gai.
346 2123 381 2203 2,
395 2122 470 2185 208.
497 2158 534 2166 —
561 2122 772 2206 ..plerisque
795 2122 933 2206 placuit,
957 2128 1099 2205 quantum

97 2210 137 2272 ad
156 2211 217 2274 hoc
232 2211 282 2274 ius
297 2211 382 2294 quod
397 2211 467 2294 lege
481 2210 582 2293 Papia
597 2211 776 2274 coniunctis
791 2211 1010 2293 constituitur,
1028 2211 1097 2275 nihil

95 2299 265 2381 interesse,
297 2304 406 2363 utrum
438 2321 497 2382 per
531 2298 779 2363 vindicationem
813 2322 855 2363 an
888 2322 947 2384 per
982 2302 1098 2365 damna·

94 2387 217 2451 tionem
241 2388 386 2471 legatum
410 2387 461 2451 sit.

270 2545 313 2597 Dc
332 2560 361 2598 eo
379 2546 451 2613 qnod
467 2561 517 2612 per
535 2546 736 2599 damnationem
755 2545 872 2612 leqatnm
890 2552 937 2600 esi.

186 2653 236 2717 25.
271 2653 337 2716 Gai.
361 2654 388 2729 3,
405 2652 478 2717 175.
509 2688 546 2698 —
579 2650 734 2717 Similiter
756 2655 936 2738 legatarius
960 2656 1096 2719 heredem

97 2740 209 2804 eodem
233 2741 329 2806 modo
354 2741 469 2805 liberat
493 2741 531 2804 de
555 2742 666 2824 legato
683 2743 768 2824 quod
787 2765 845 2825 per
869 2742 1095 2809 damnationem

96 2830 243 2892 relietum
264 2837 314 2893 est
333 2827 461 2916 (saper
481 2851 534 2893 aes
554 2833 587 2894 et
600 2828 741 2917 libram),
761 2836 796 2894 ut
814 2836 926 2896 tamen
947 2883 976 2897 ..
993 2886 999 2897 .
1018 2832 1095 2896 heres

95 2920 292 2981 testamento
312 2941 345 2981 se
365 2918 440 2981 dare
460 2919 647 2982 damnatum
667 2941 735 2983 esse
755 2920 849 2984 dicat.
885 2920 925 2984 de
945 2945 982 2986 eo
1002 2928 1095 2986 tamen

94 3010 222 3070 tantum
252 3010 359 3089 potest
387 3007 479 3070 heres
508 3030 545 3071 eo
570 3008 665 3071 modo
690 3008 833 3092 liberari,
857 3011 945 3092 quod
970 3011 1095 3094 pondere

93 3116 227 3158 numero
258 3099 396 3178 constet,
425 3100 457 3159 et
483 3097 530 3160 ita
559 3097 587 3160 si
615 3101 736 3160 certum
761 3097 810 3160 sit.
858 3099 993 3180 quidam
1016 3097 1095 3164 etde

95 3204 132 3246 eo
156 3183 241 3266 quod
265 3206 418 3248 mensura
441 3188 568 3248 constat
590 3185 674 3248 idem
699 3186 894 3250 existimant.

183 3289 247 3353 26?
276 3289 316 3353 D.
331 3291 383 3373 34,
398 3291 431 3372 3,
447 3291 497 3356 30.
531 3291 620 3354 Idem
641 3289 700 3376 (sc.
720 3290 855 3376 Paulus)
880 3293 966 3357 libro
987 3294 1095 3358 decimo

96 3377 337 3452 Quaestionum.
352 3415 397 3424 —
418 3379 541 3444 Petitor
565 3379 616 3443 vel
638 3402 807 3465 possessor
830 3381 1002 3447 damnavit
1019 3382 1094 3445 here-

94 3465 165 3528 dem
198 3488 306 3549 sunm,
342 3489 383 3531 ne
416 3469 643 3532 centumvirale
677 3468 829 3532 iudicium
863 3476 1019 3535 exerceat.
1065 3468 1094 3529 de

94 3553 208 3618 effectu
226 3555 328 3638 legati
347 3557 519 3639 quaeritur.
555 3561 587 3621 et
606 3557 726 3621 dictum
747 3563 795 3622 est
813 3559 860 3623 ita
880 3559 1011 3623 demum
1029 3558 1094 3622 utile
