2422 3976
92 165 160 228 424
195 163 228 219 v.
248 161 396 219 unauna
413 162 462 218 m
481 161 634 218 uanam
652 133 761 217 nune.
778 161 876 218 rums
895 161 1078 219 corsuum

94 327 210 393 iddieti.
231 327 338 390 duude
352 326 471 408 Attius,
489 326 540 390 aui
557 347 578 390 a
597 329 624 390 te
640 324 746 390 herede
766 323 928 392 Goruetiue
946 327 1110 411 depaverat,

93 417 276 499 priusquam
304 416 436 499 topaturu
461 415 500 478 ab
527 418 657 497 emptore
674 415 853 500 perciperet,
881 415 1110 497 1616611166-

94 506 178 570 deru:
200 508 278 571 reeta
294 509 371 586 puto
393 523 431 567 eu
453 504 572 568 oeudito
596 507 623 568 te
644 509 786 568 aetururu
803 509 839 568 ut
856 504 912 568 tibi
925 509 1109 586 praestetur,

94 593 171 676 puio
201 593 267 657 ideo
298 612 331 656 eo
363 593 467 657 uiuus
497 591 648 657 hereditas
678 592 817 672 ueuierit,
848 597 885 656 ut
912 594 948 658 id
975 592 1110 677 16961666

90 685 264 764 praestaret
288 685 416 765 emptor,
445 681 688 763 necquicquam
715 682 849 765 iutersit,
877 685 984 747 utrum
1012 683 1108 762 Aua,

94 771 149 853 qui
176 774 203 834 te
229 769 364 834 iteratam
384 770 502 851 fecerit,
526 770 659 851 peouuia
681 769 780 834 debita
802 771 855 853 sit,
883 791 927 835 au
950 771 1108 853 tepoterio.

184 859 236 924 90.
259 858 297 923 D.
314 858 365 941 18,
379 858 409 936 4,
424 858 454 942 2,
472 859 520 923 17.
562 857 722 941 Ulpianus
736 857 820 923 libro
837 859 1108 944 quadragensimo

95 969 181 1013 nono
210 946 249 1010 ad
274 945 437 1012 Sabinum.
464 983 501 993 -
527 995 560 1010 ..
585 948 613 1011 si
640 945 751 1010 funere
774 946 859 1011 facto
883 947 979 1012 heres
1003 948 1108 1014 vendi·

96 1036 196 1101 disset
225 1035 451 1115 hereditatem,
480 1057 522 1100 an
544 1034 725 1118 impensam
748 1035 870 1100 funeris
894 1036 937 1101 ab
961 1042 1107 1120 emptore

97 1129 322 1207 consequatur.
354 1127 387 1188 et
407 1123 453 1187 ait
467 1123 573 1188 Labeo
593 1128 769 1208 emptorem
788 1125 972 1207 impensam
986 1126 1107 1191 funeris

97 1219 260 1296 praestare
274 1213 398 1295 debere,
418 1214 494 1297 quia
508 1216 541 1276 et
555 1234 601 1296 ea,
619 1213 734 1297 inquit,
748 1212 896 1296 impensa
909 1212 1107 1279 hereditaria

97 1305 191 1384 esset,
214 1301 303 1366 euius
328 1302 523 1366 sentent-iam
545 1299 716 1365 Iavolenus
740 1304 834 1384 putat
856 1322 990 1368 veram.

449 1466 496 1524 De
518 1467 609 1540 fuudo
631 1467 750 1526 ueudito.

187 1567 238 1630 91.
260 1565 298 1630 D.
312 1568 342 1649 8,
359 1569 386 1647 1,
402 1566 452 1631 19.
484 1565 592 1631 Labeo
612 1567 696 1631 libro
717 1569 833 1650 quarto
851 1569 1071 1651 posteriorum
1088 1590 1104 1632 a

97 1654 251 1719 Iauoleno
274 1653 532 1738 epitomatorum.
553 1693 592 1701 —
612 1656 657 1720 Ei
671 1657 779 1740 fuudo,
796 1676 885 1737 poem
903 1658 974 1738 quis
991 1659 1103 1738 oeudat,

97 1745 270 1809 seruitutem
291 1745 425 1830 irupoui,
446 1748 475 1808 et
495 1745 524 1808 si
546 1743 649 1830 <ipsi>
670 1764 734 1809 uou
756 1745 843 1810 utitis
863 1746 918 1828 sit,
935 1766 1027 1827 posse
1048 1746 1102 1811 eei·

97 1832 197 1914 etima,
214 1833 307 1897 oetuti
323 1834 352 1897 si
365 1853 480 1914 oquaru
493 1833 588 1898 otieui
601 1834 743 1898 deducere
756 1854 819 1898 uou
832 1835 994 1918 expediret,
1011 1834 1101 1900 uibito

97 1921 202 1986 miuus
214 1922 357 1987 eoustitui
365 1942 401 1986 ea
410 1921 539 1986 seruitus
544 1923 657 2004 possit·
671 1923 822 2003 quaedam
832 1923 915 1987 euim
925 1922 1100 1988 deducendo

99 2009 207 2075 babere
223 2030 400 2093 possumus,
423 2012 563 2092 quamuis
585 2032 621 2075 eo
643 2011 730 2075 uobis
752 2011 846 2076 utitia
867 2032 930 2076 uou
953 2017 1032 2078 utut.

188 2099 240 2163 92.
264 2099 302 2163 D.
314 2099 364 2181 18,
380 2101 408 2181 1,
424 2099 475 2164 77.
507 2097 677 2162 Iavolenus
693 2100 776 2163 libro
792 2103 907 2182 quarto
923 2122 963 2164 ex
973 2097 1097 2184 posteri-

100 2189 210 2252 oribus
234 2187 400 2252 Labeonis.
423 2225 459 2234 -
483 2188 525 2251 Iu
550 2189 609 2269 tepe
629 2188 723 2269 fuudi
745 2190 901 2253 oeuduudi
924 2189 1097 2271 lapidicinae

99 2279 133 2342 iu
156 2298 188 2341 eo
209 2276 307 2357 [itudo
329 2278 438 2357 ubique
460 2282 556 2340 esseut
575 2282 710 2357 euoeptae
728 2280 824 2355 aaut,
847 2282 961 2359 etpost
977 2278 1096 2342 mutua

100 2367 242 2447 teruporis
262 2367 297 2428 iu
315 2387 347 2429 eo
363 2366 460 2445 fuudo
479 2372 612 2446 repertae
630 2371 718 2429 orout
738 2366 932 2446 topidioiuae.
969 2388 1021 2432 aas
1036 2383 1095 2446 quo

99 2476 155 2537 que
177 2455 342 2518 oeuditoris
366 2475 426 2518 6336
446 2454 562 2517 Tubero
584 2455 753 2536 respoudit;
777 2454 878 2518 Labeo
901 2455 1013 2536 referre
1033 2449 1096 2534 quid

99 2550 200 2609 ooturu
228 2545 283 2620 sit,·
311 2545 340 2607 si
366 2564 429 2607 uou
451 2548 612 2624 appareat,
639 2564 701 2607 uou
725 2544 823 2607 uideri
849 2564 901 2608 eas
925 2543 1093 2627 tapidiu'uas

99 2652 161 2697 6336
194 2636 345 2713 exceptae·
376 2633 526 2696 uoruiueu
557 2635 638 2695 euiru
665 2652 718 2696 ueo
744 2634 870 2696 reu-dere
896 2652 949 2697 uee
976 2632 1093 2712 euozput

100 2724 182 2802 quod
202 2742 265 2785 uou
287 2723 335 2802 sit,
359 2727 387 2785 et
410 2720 595 2801 tapidieiuos
618 2721 722 2785 661163
745 2740 813 2803 6336,
836 2722 900 2785 uisi
919 2743 996 2802 quae
1012 2736 1091 2800 oppu-

100 2814 168 2872 reut
195 2814 223 2872 et
246 2812 420 2873 eaedautur.
457 2810 547 2873 aliter
569 2809 837 2890 iuterpretautibus
860 2815 955 2874 toturu
975 2810 1091 2891 fuuduu

102 2897 343 2979 topidieiuaruru
364 2899 439 2978 fore,
461 2899 489 2962 si
509 2897 587 2978 forto
611 2903 669 2962 toto
692 2919 724 2962 eo
746 2899 802 2963 sub
825 2903 908 2962 terra
931 2905 1003 2964 63361
1020 2893 1090 2976 tapir.

102 2987 156 3050 boo
172 2987 277 3067 probo.

191 3075 242 3140 93.
275 3075 313 3140 D.
330 3076 381 3158 18,
401 3077 430 3156 1,
451 3076 491 3139 18
506 3097 553 3158 pr.
599 3073 707 3138 Labeo
731 3076 814 3138 libro
839 3081 953 3158 quarto
977 3068 1090 3158 posteri·

103 3186 193 3228 orum
214 3164 398 3248 alavoleno
419 3164 678 3246 epitomatorum.
700 3199 737 3210 —
758 3165 900 3228 Fistutas
918 3163 1039 3247 emptori
1053 3175 1089 3221 ao·

101 3273 237 3317 cessuras
259 3254 295 3316 iu
318 3253 379 3335 tepe
401 3254 513 3317 dieturu
536 3257 609 3316 erat.
644 3254 857 3338 quaerebatur,
879 3274 924 3317 au
946 3250 1089 3321 6631611666,

101 3362 137 3404 eu
157 3363 215 3422 quo
228 3342 340 3425 fistulis
354 3361 436 3422 aqua
450 3344 615 3423 duceretur,
633 3342 788 3405 accederet.
808 3344 951 3423 respoudi
963 3350 1089 3424 apparere

101 3430 136 3492 id
157 3435 259 3493 aeturu
281 3450 351 3504 esse,
374 3435 409 3493 ut
430 3431 464 3493 id
480 3450 595 3510 quoque
613 3431 768 3512 aooederet,
792 3430 860 3494 tieet
877 3433 1026 3513 seripdua
1040 3438 1088 3489 uer

100 3519 278 3584 ooutiuetur.
