2422 3976
96 183 137 246 72
165 183 213 239 lIl.
228 183 303 238 een
317 181 464 237 CLAUDII
477 180 613 236 NERON.
623 180 767 235 GALBAll
779 180 886 236 TEMP.
897 180 995 235 IURIS
1004 180 1104 236 CONS.

437 367 484 425 De
506 369 538 425 io
560 368 607 425 ius
629 368 765 425 obeundo.

183 483 218 545 D.
230 485 258 559 2,
269 485 299 559 4,
309 483 367 559 4,1
388 480 457 558 Ulp.
480 511 516 522 -
536 481 660 540 Praetor
677 482 733 539 ait:
753 475 927 560 parentem,
946 485 1106 558 patronum

93 575 265 649 patronam,
293 571 401 629 liberos
428 572 569 646 parentes
596 570 716 644 patroni
742 572 887 644 patronae
914 570 947 628 in
970 570 1020 630 ius
1044 571 1105 631 sine

93 661 243 737 permissu
264 678 330 718 meo
353 678 389 716 ne
414 658 480 734 quis
502 653 610 718 vocer?

183 762 213 826 3.
236 759 274 824 D.
284 761 314 842 2,
324 760 354 842 4,
364 761 394 842 4,
404 761 433 826 2.
474 758 633 843 Ulpianus
656 759 739 825 libro
764 760 876 845 quinto
901 760 942 824 ad
966 760 1105 826 edietum

95 847 143 932 (P.
162 845 266 935 260⁸).
302 885 340 894 -
376 848 511 924 Quidam
545 851 713 932 parentem
744 870 844 932 usque
877 848 918 913 ad
949 850 1105 915 tritavum

95 939 250 1022 appellari
279 935 383 1019 aiunt,
411 937 590 1020 superiores
619 938 756 1001 maiores
780 936 851 1002 dioi.
897 938 959 1002 hoe
983 943 1106 1004 veteres

94 1026 296 1090 existimasse
311 1024 509 1110 Pomponius
527 1025 637 1109 refert3
658 1026 713 1089 sed
728 1025 828 1090 Gaius
843 1023 976 1091 Cassius
997 1049 1107 1092 omnes

93 1116 127 1179 in
149 1115 313 1179 infinitum
337 1119 488 1197 parentes
512 1113 599 1178 dioit.

183 1230 480 1311 cf.1).3a.10‚10‚7
501 1233 586 1294 Paul.
624 1229 778 1293 ‘Parentes
797 1253 891 1310 usque
911 1235 949 1293 ad
962 1237 1107 1296 tritavum

94 1325 174 1400 apud
202 1324 352 1382 Romanos
383 1323 504 1398 proprio
535 1323 680 1382 vocabulo
712 1324 917 1399 nominantur,
949 1324 1108 1384 ulteriores

95 1413 146 1490 qui
168 1431 228 1472 non
250 1413 362 1470 habent
385 1411 512 1486 speciale
535 1430 643 1471 nomen
664 1411 793 1470 maiores
817 1407 1032 1487 appellantur.'

182 1514 213 1576 4.
237 1512 275 1576 D.
286 1513 316 1595 2,
326 1514 356 1594 4,
368 1512 418 1593 10,
428 1511 457 1576 9.
496 1510 654 1596 Ulpianus
673 1513 758 1577 libro
777 1513 890 1597 quinto
910 1519 950 1578 ad
964 1514 1105 1580 edietum

95 1599 144 1685 (P.
159 1596 249 1686 262).
274 1599 471 1664 —Liberos
496 1648 525 1664 ..
549 1600 721 1665 seeundum
746 1599 907 1686 Cassium,
935 1606 973 1667 ut
994 1603 1031 1666 in
1054 1625 1106 1687 pa·

94 1690 259 1770 rentibus,
282 1694 314 1750 et
336 1689 422 1751 ultra
444 1688 640 1771 trinepotem
664 1689 847 1774 aeoipimus.

188 1807 224 1868 ef.
244 1806 313 1866 Vat.
336 1807 373 1865 fr.
394 1808 454 1866 321
481 1800 599 1888 (Ulpi)
624 1803 760 1868 ‘Liberos
790 1857 820 1869 ..
849 1811 985 1887 aeoipere
1020 1812 1105 1870 debe·

95 1915 162 1955 mus
182 1899 213 1955 et
231 1899 355 1971 nepotes
373 1898 404 1954 et
423 1896 561 1972 deinceps
580 1899 736 1958 ulteriores
760 1900 894 1974 exemplo
913 1893 1105 1974 parentium'.

94 1987 129 2045 D.
149 1988 201 2063 38,
223 1987 272 2061 10,
293 1987 381 2062 10,7
410 1984 494 2044 Paul.
524 1977 566 2067 (v.
586 1979 690 2067 supra)
718 1981 803 2046 ‘item
830 1988 917 2046 liberi
945 2007 1041 2066 usque
1070 1987 1105 2047 ad

94 2075 290 2152 trinepotem3
314 2074 395 2132 ultra
417 2074 471 2132 hos
495 2076 676 2149 posteriores
700 2069 864 2152 vorantur'.

393 2252 450 2326 Qui
473 2253 627 2311 arbitrium
648 2255 814 2328 receperint.

184 2362 214 2425 b.
246 2361 285 2425 D.
299 2361 329 2445 4,
345 2362 373 2444 8,
390 2363 441 2446 19,
455 2363 484 2426 2.
532 2362 650 2425 Paulus
678 2362 762 2426 libro
790 2364 887 2427 tertio
917 2363 1043 2429 decimo
1069 2363 1104 2428 ad

95 2450 234 2514 edietum
267 2446 317 2535 (P.
339 2445 428 2536 245).
459 2486 496 2496 -
528 2499 562 2514 ..
594 2450 767 2515 videndum
800 2453 874 2534 erit,
907 2474 948 2516 an
982 2458 1106 2518 mutare

95 2538 287 2603 sententiam
315 2539 419 2621 possit
446 2537 503 2622 (so.
532 2535 674 2626 arbiter).
716 2545 750 2603 et
782 2539 861 2603 alias
899 2540 1030 2624 quidem
1062 2550 1106 2606 est

96 2627 267 2711 agitatum,
291 2627 318 2690 si
341 2626 463 2691 arbiter
486 2627 580 2691 iussit
604 2627 681 2709 dari,
705 2649 779 2693 mox
802 2629 914 2711 vetuit,
937 2639 1049 2695 utrum
1071 2650 1104 2693 eo

96 2716 182 2798 quod
201 2716 296 2779 iussit
315 2738 358 2779 an
376 2736 413 2780 eo
433 2717 519 2800 quod
538 2716 641 2780 vetuit
660 2716 741 2780 stari
761 2716 902 2783 debeat.
922 2721 955 2782 et
971 2717 1105 2784 Sabinus

97 2803 225 2887 quidem
244 2804 371 2888 putavit
389 2825 494 2888 posse.
527 2802 658 2869 Cassius
678 2806 870 2870 sententiam
889 2808 1042 2891 magistri
1061 2804 1106 2872 sui

97 2940 121 2956 ..
141 2896 272 2955 excusat
290 2898 323 2956 et
343 2894 389 2957 ait
406 2891 560 2957 Sabinum
581 2915 644 2958 non
665 2894 703 2957 de
723 2915 760 2958 ea
780 2895 918 2959 sensisse
938 2896 1107 2976 sententia,

97 3002 179 3064 quae
204 2980 373 3045 arbitrium
393 2982 492 3063 finiat,
519 2983 574 3046 sed
598 2983 635 3046 de
655 2984 900 3066 praeparatione
924 3005 1052 3068 oausae,
1073 2988 1107 3047 ut

96 3072 177 3151 puta
205 3071 233 3133 si
261 3069 356 3133 iussit
379 3069 560 3153 litigatores
585 3071 725 3136 calendis
751 3071 875 3154 adesse,
904 3093 980 3136 mox
1003 3073 1106 3138 idibus

95 3157 218 3242 iubeat3
242 3180 318 3221 nam
342 3161 468 3221 mutare
490 3180 563 3224 eum
582 3158 666 3223 diem
686 3181 781 3244 posse
800 3209 807 3222 .
826 3164 968 3224 osterum
988 3162 1017 3225 si
1037 3182 1106 3227 eon·

97 3246 261 3311 damnavit
279 3246 330 3309 vel
345 3245 495 3326 absolvit,
513 3247 589 3311 dum
605 3249 726 3313 arbiter
741 3270 810 3313 esse
825 3249 965 3332 desierit,
985 3255 1107 3315 mutare

96 3335 290 3399 sententiam
314 3356 379 3398 non
401 3356 506 3418 posse.

184 3447 219 3505 D.
237 3449 265 3518 4,
281 3447 310 3519 8,
326 3447 419 3520 39pr.
460 3446 618 3506 Iavolenus
646 3447 723 3507 libro
751 3449 907 3508 undecimo
936 3468 973 3508 ex
996 3448 1106 3510 Cassio.

97 3529 191 3593 ‘Idem
206 3581 212 3594 .
228 3533 454 3593 Contumaoiam
467 3535 629 3612 litigatoris
643 3537 756 3595 arbiter
771 3537 878 3613 punire
892 3539 1006 3614 poterit
1019 3557 1106 3614 peon-
