2422 3976
451 182 477 233 5.
500 175 618 232 TITIUS
637 175 768 233 ARISTO
1048 178 1113 244 369

121 339 159 405 ui
177 328 360 407 1111111111
384 360 520 425 summa,
543 339 571 405 si
594 339 698 406 vietus
722 344 808 405 esset
825 340 1015 406 hereditatis
1034 342 1114 426 peti·

121 427 203 514 tione,
229 451 302 495 oum
331 430 447 495 esteris
474 428 560 495 hano
585 450 711 514 quoque
734 429 903 514 pecuniam
927 431 1044 496 viatori
1065 452 1115 496 re·

121 517 233 585 11111011
256 517 380 583 debere.

445 660 496 726 De
518 660 768 726 manumissione.

191 786 220 852 8.
246 784 286 851 D.
300 785 354 863 40,
369 785 398 869 9,
414 784 466 869 16,
480 785 510 850 3.
555 783 645 849 Idem
672 781 731 872 (so.
748 783 884 869 Paulus)
906 785 991 849 libro
1014 786 1112 851 tertio

120 870 148 935 sd
163 873 266 960 legem
283 872 412 939 Aeliam
432 870 578 938 Sentium
595 868 645 959 (P.
655 869 743 959 918).
760 909 799 920 -
815 873 927 938 Aristo
947 875 1114 959 respondit

118 960 288 1029 adebitore
313 963 398 1046 fisci,
426 962 481 1047 qui
505 961 657 1027 solvendo
680 983 747 1026 non
770 968 852 1046 erat,
878 963 1112 1028 manumissum

116 1043 176 1136 [ita]
205 1051 353 1117 revocari
384 1050 418 1115 in
451 1049 641 1116 servitutem
671 1051 786 1116 debere
821 1050 862 1131 [si
894 1072 959 1115 non
993 1051 1048 1116 diu
1079 1051 1114 1116 in

114 1134 249 1205 libertate
270 1140 396 1219 fuisset,
419 1139 451 1204 id
476 1142 526 1203 est
547 1162 614 1204 non
633 1139 740 1204 minus
759 1139 928 1225 decenni03
951 1140 1046 1224 plane
1066 1161 1113 1223 ea,

113 1246 183 1311 quae
208 1229 243 1293 in
271 1228 418 1294 fraudem
445 1228 517 1294 fisei
541 1227 575 1292 in
598 1227 688 1293 sinus
712 1228 780 1293 eius
804 1228 924 1293 collata
946 1232 1036 1313 sunt,
1064 1250 1113 1292 re·

111 1317 264 1399 rotanda}

187 1411 349 1472 Traianum
374 1411 411 1470 de
434 1410 499 1470 iure
522 1410 585 1470 fisci
609 1411 740 1470 edictum
758 1410 947 1487 proposuisse
966 1410 1112 1470 traditum

107 1501 259 1560 11111111
282 1501 347 1560 iure
370 1499 434 1559 fisoi
456 1496 476 1574 ᾗ
498 1502 526 1559 6.
567 1502 657 1575 atque
678 1500 745 1578 lege
764 1499 852 1559 Aelia
870 1498 972 1558 Sentia
990 1502 1114 1559 sautum

53 1574 57 1605 ³
107 1591 175 1666 orat,
197 1592 235 1649 ut
257 1588 310 1666 qui
332 1588 364 1648 in
390 1588 529 1647 fraudem
552 1588 733 1648 creditorum
756 1607 858 1648 servos
877 1589 1112 1665 manumitteret,

102 1678 174 1738 nihil
203 1680 309 1755 ageret
332 1670 414 1759 (Gai.
432 1681 459 1755 1,
477 1668 548 1758 37),
576 1677 656 1752 quod
682 1678 729 1736 ius
756 1695 823 1736 oum
852 1695 944 1753 usque
968 1677 1006 1737 ad
1029 1677 1113 1736 illam

101 1770 230 1827 aetatem
248 1766 288 1826 ad
306 1766 386 1827 oives
404 1767 525 1825 tautum
543 1766 745 1844 pertinuisset,
764 1785 799 1825 ex
818 1766 964 1825 Hadriani
983 1767 1112 1826 auotori-

99 1858 161 1917 tste
190 1855 228 1915 ad
255 1854 429 1933 peregrinos
458 1872 576 1932 quoque
606 1855 825 1914 extendendum
850 1859 971 1914 senatus
995 1855 1112 1916 censuit

99 1936 179 2026 (aaa
211 1947 242 2017 1,
266 1935 333 2024 47).
388 1945 440 2003 sed
471 1945 532 2002 iam
565 1943 686 2002 Traiani
718 1946 817 2003 aetate
849 1944 886 2002 de
918 1944 1112 2004 libertatibus

97 2032 204 2094 afisoi
226 2032 362 2092 debitore
385 2032 418 2091 in
440 2032 577 2091 fraudem
600 2032 662 2091 fisoi
686 2032 764 2091 datis
785 2035 950 2092 traotatum
974 2050 1037 2092 esse
1061 2051 1111 2107 ap-

96 2126 192 2199 paret.
223 2124 303 2181 oerte
322 2121 495 2180 Aristonem
513 2121 550 2179 de
567 2120 625 2179 hae
647 2140 679 2180 re
698 2122 869 2181 consultum
886 2120 979 2179 fuisse
998 2120 1111 2180 Paulus

97 2212 155 2273 11
180 2209 287 2287 tradit,
310 2211 362 2269 sed
385 2228 462 2286 quae
481 2228 550 2269 eum
569 2208 604 2268 de
622 2209 773 2268 Aristonis
791 2228 934 2284 responso
953 2208 1112 2268 tradidisse

95 2298 298 2360 Tribonianus
324 2298 375 2374 ait,
403 2298 563 2357 maximam
591 2297 808 2357 dubitationem
839 2302 969 2360 movent.
1019 2299 1111 2372 atque

96 2388 221 2448 Pernioe
253 2379 299 2446 11²
329 2408 358 2465 p.
388 2389 451 2447 369
485 2386 603 2462 quidem
641 2386 732 2446 verba
768 2380 810 2444 ‘id
842 2390 888 2446 est
919 2405 979 2445 non
1010 2385 1110 2445 minus

97 2470 252 2538 ‹leoennio'
277 2476 436 2535 subditioia
459 2492 524 2534 esse
546 2474 666 2535 iudioat.
703 2475 755 2534 sed
778 2475 898 2551 longius
921 2473 1111 2551 progredien-

97 2564 169 2625 dum
201 2566 349 2642 pluraque
383 2563 569 2641 segreganda
599 2581 664 2623 esse
692 2580 806 2624 oenseo.
850 2581 921 2622 nam
947 2563 1041 2624 verba
1069 2557 1113 2621 ‘in

97 2654 180 2715 sinus
199 2655 265 2712 eius
284 2646 405 2714 collata'
424 2652 598 2714 Scaevolam
616 2652 736 2727 quidem
755 2651 876 2727 sapiunt
890 2644 939 2731 (D.
951 2653 1000 2725 22,
1013 2653 1042 2729 3,
1054 2642 1112 2732 27)

97 2747 129 2804 et
149 2742 317 2819 Ulpianum
336 2732 387 2823 (D.
402 2742 455 2817 48,
470 2743 499 2819 8,
515 2733 549 2822 2)
568 2743 600 2800 11
618 2741 831 2800 Tribonianum
849 2733 895 2822 (O.
912 2743 940 2818 1,
956 2743 1007 2819 17,
1022 2743 1050 2816 2,
1067 2731 1111 2821 1),

96 2850 157 2893 non
185 2830 307 2907 sapiunt
333 2830 415 2889 illius
445 2831 553 2890 aetatis
586 2829 820 2889 iurisconsultos.
870 2829 996 2903 aceedit,
1031 2831 1110 2908 quod

97 2922 151 2998 qui
173 2938 296 2980 servum
323 2919 517 2995 manumittit,
545 2919 621 2977 nihil
642 2920 675 2977 in
697 2917 778 2977 sinus
802 2936 871 2976 suos
894 2918 1018 2978 eonfert.
1059 2937 1111 2995 ge·

96 3010 225 3069 nuinum
260 3008 413 3068 Aristonis
432 3025 608 3083 responsum
626 3008 753 3066 fortasse
771 3006 892 3066 exhibet
908 3007 1111 3086 fragmentum

96 3100 133 3159 do
163 3097 231 3157 iure
263 3096 326 3157 fisoi
353 3093 448 3172 §192
481 3089 511 3155 ‘a
539 3096 672 3154 debitore
706 3094 771 3155 fisci
802 3095 834 3154 in
860 3095 997 3154 fraudem
1024 3095 1108 3155 datas

96 3187 256 3248 libertates
282 3185 396 3245 retrahi
422 3177 554 3260 plaouit.'
606 3202 681 3259 quae
709 3185 857 3243 sententia
885 3185 965 3262 quod
987 3186 1108 3243 senatus

97 3276 237 3337 oonsulto
267 3274 320 3333 illo
353 3292 389 3332 ex
420 3273 566 3333 Hadriani
602 3272 781 3332 auctoritate
818 3273 898 3333 faoto
934 3273 966 3332 in
998 3272 1111 3332 librum

98 3364 135 3427 do
175 3364 241 3424 iure
281 3363 344 3423 fisei
381 3365 502 3437 reoepta
545 3364 604 3439 est,
644 3362 712 3420 inde
754 3362 866 3439 eluoet,
907 3380 946 3419 an
987 3363 1110 3421 senatus

96 3453 270 3513 oonsultum
292 3470 330 3511 an
357 3452 395 3511 ad
421 3470 487 3510 eam
513 3469 629 3528 quoque
657 3451 693 3509 de
721 3469 780 3526 qua
806 3450 908 3528 agitur
934 3468 997 3508 rem
1019 3450 1111 3524 perti·

96 3543 199 3619 neret,
221 3540 365 3617 quosdam
386 3539 549 3618 prudentes
572 3539 734 3600 dubitasse.

153 3649 252 3698 Inrtspr.
266 3648 384 3690 muham.
399 3649 599 3691 relled.Bremer.
625 3649 685 3702 11,s.
864 3641 899 3690 24
