2422 3976
205 214 241 273 H.
258 215 503 272 mensionum
522 215 753 272 senrnnrnn
771 216 818 272 ET
835 217 940 274 LIBRI.
1013 218 1077 283 537

59 378 167 445 rideri
203 378 349 465 legatum
382 401 464 459 esse,
502 381 530 444 si
561 379 681 445 melam
714 402 843 445 causam
876 381 1078 446 adversarius

61 468 233 533 testatoris
259 468 386 550 habuit,
411 462 451 534 'ut
481 469 633 552 litigante
659 468 777 533 herede
805 470 889 534 vinei
919 470 1080 555 debuerit3

60 560 143 623 tuno
164 556 250 621 enim
273 578 342 623 non
362 560 490 622 tantum
513 557 582 623 litis
606 558 873 643 emolumentum,
900 559 956 623 sed
979 559 1078 623 etism

61 650 217 730 sumptus
248 646 342 711 heres
373 646 532 732 legatario
564 651 729 730 praestare
757 646 891 732 cogitur.
941 669 1015 711 nam
1042 648 1078 711 in

61 734 152 799 bona
179 756 279 800 eausa
304 735 388 800 nihil
416 735 543 799 videtur
570 756 640 799 esse
667 735 701 799 in
728 736 838 819 legato
866 757 926 800 neo
948 740 1078 818 propter

62 824 229 909 sumptus,
251 825 337 909 quod
360 822 490 909 quidam
514 823 788 888 existimaverunt.

272 1007 317 1062 De
334 1023 364 1062 eo
382 1007 455 1076 quod
473 1007 582 1062 sinendi
598 1007 677 1062 modo
696 1007 813 1076 lepatum
831 1012 876 1061 est.

153 1117 208 1183 27.
232 1114 303 1181 Gai.
317 1117 348 1201 2,
361 1117 436 1182 212.
466 1152 503 1162 -
534 1165 567 1181 ..
597 1115 624 1180 si
651 1120 726 1200 post
751 1120 889 1181 mortem
912 1117 1078 1183 testatoris

62 1226 103 1270 ea
139 1226 194 1269 res
226 1202 285 1292 (se.
308 1227 404 1290 quem
435 1207 574 1269 testator
606 1209 644 1269 ut
672 1227 762 1269 suem
789 1204 923 1291 legavit)
950 1205 1079 1271 heredis

62 1314 136 1359 esse
170 1295 327 1378 coeperit,
363 1295 541 1378 quaeritur,
575 1315 617 1358 an
650 1293 730 1357 utile
762 1294 805 1358 sit
837 1295 991 1378 legatum.
1046 1300 1078 1359 et

62 1381 212 1467 plerique
234 1385 351 1467 putant
373 1382 487 1447 inutile
510 1404 590 1447 esse.

154 1488 208 1554 28.
232 1487 299 1554 Gai.
314 1489 345 1571 2,
355 1489 428 1553 214.
446 1525 483 1535 -
502 1486 624 1554 Sunt..
639 1489 695 1573 qui
710 1493 827 1573 putant
842 1511 879 1553 ex
893 1490 955 1553 hoc
969 1488 1079 1573 legato

62 1598 132 1643 non
164 1576 267 1641 videri
298 1577 479 1662 obligatum
507 1576 672 1660 heredem,
701 1581 738 1641 ut
765 1577 927 1661 mancipet
955 1582 1011 1642 aut
1042 1579 1077 1641 in

64 1666 136 1732 iure
160 1665 252 1731 tedet
275 1669 331 1730 aut
353 1666 472 1751 tradat,
496 1666 551 1730 sed
575 1665 721 1730 sufficere
741 1670 779 1730 ut
797 1667 990 1750 legatarium
1009 1688 1077 1731 rem

66 1775 195 1821 sumere
213 1755 366 1839 patiatur,
389 1756 466 1838 quia
484 1754 568 1818 nihil
587 1756 673 1819 ultre
693 1756 722 1819 ei
741 1759 879 1820 testator
898 1757 1080 1839 imperavit,

64 1864 164 1927 quam
191 1848 230 1907 ut
257 1843 356 1921 sinet,
383 1842 416 1908 id
444 1851 494 1908 est
520 1843 678 1927 patiatur,
704 1845 898 1927 legatarium
921 1866 989 1909 rem
1015 1845 1078 1909 sibi

62 1932 194 1998 habere.

154 2038 208 2103 29.
232 2036 301 2103 Gai.
316 2038 430 2123 2215.
448 2075 485 2086 -
502 2037 650 2103 Maior..
666 2039 823 2102 dissensio
842 2039 876 2100 in
894 2039 956 2102 hoe
969 2039 1078 2123 legato

63 2127 254 2210 intervenit,
277 2127 305 2190 si
327 2127 462 2191 eandem
485 2149 553 2191 rem
577 2127 701 2191 duobus
724 2126 912 2209 pluribusve
936 2126 1077 2191 disiunc-

63 2214 125 2281 tim
152 2215 280 2299 legasti.
326 2215 457 2300 quidam
488 2219 605 2299 putant
627 2216 771 2300 utrisque
795 2215 932 2279 solidam
956 2215 1079 2300 deberi;

62 2303 215 2370 nonnulli
243 2304 429 2387 occupantis
454 2327 523 2369 esse
550 2303 715 2368 meliorem
742 2303 961 2368 condicionem
984 2305 1078 2368 aesti-

64 2396 170 2477 mant,
204 2394 280 2475 quie
315 2414 388 2457 cum
422 2414 459 2457 eo
495 2413 609 2477 genere
641 2392 743 2476 legati
779 2393 949 2456 damnetur
984 2393 1078 2457 heres

63 2482 258 2567 patientiam
287 2485 467 2565 praestare,
499 2485 536 2545 ut
562 2481 740 2568 legatarius
769 2502 836 2544 rem
864 2481 996 2560 hebeat,
1029 2503 1077 2546 se·

64 2569 175 2655 quitur
198 2574 234 2634 ut
248 2619 255 2633 .
270 2620 299 2634 ..

308 2735 352 2790 De
370 2735 466 2805 leporis
483 2736 533 2790 sub
552 2736 708 2790 condicione
726 2736 836 2790 relictis.

900 2800 912 2831 0

155 2844 207 2910 30.
236 2843 276 2909 D.
290 2843 347 2926 35,
363 2845 396 2925 1,
412 2845 454 2908 72
463 2866 511 2927 pr.
551 2843 642 2909 ldem
670 2842 727 2926 (se.
750 2843 964 2930 Papinianus)
992 2845 1078 2909 libro

65 2937 182 3000 ootavo
203 2932 326 2998 deeimo
342 2931 580 3009 Quaestionum.
594 2969 632 2979 -
646 2931 727 2997 Cum
745 2934 811 2997 tale
831 2935 974 3018 legatum
994 2938 1078 2998 esset

63 3022 216 3088 relietum
234 3021 341 3085 Titiae
361 3020 402 3086 ‘si
420 3044 439 3085 a
457 3021 569 3086 liberis
588 3043 654 3086 non
674 3021 864 3101 discesserit,
878 3026 1077 3107 negaverunt

64 3133 138 3177 eam
161 3114 249 3175 reete
272 3132 393 3194 carere,
417 3111 493 3195 quia
516 3111 566 3174 vel
591 3109 727 3176 mortuis
746 3111 855 3175 liberis
879 3111 981 3197 legati
1004 3132 1077 3176 eon·

64 3199 148 3266 dieio
172 3199 279 3284 possit
300 3201 464 3264 exsistere.

154 3307 207 3372 31.
234 3305 273 3370 D.
289 3305 340 3389 35,
358 3307 386 3384 1,
400 3307 453 3389 44,
468 3307 497 3370 8.
533 3304 622 3369 Idem
646 3301 704 3391 (so.
723 3303 858 3392 Paulus)
881 3306 965 3370 libro
988 3326 1076 3370 nono

65 3395 105 3460 ad
136 3394 312 3459 Plautium.
340 3430 378 3440 —
407 3393 442 3458 si
473 3393 609 3458 duorum
640 3417 733 3460 servo
766 3395 908 3478 legatum
941 3394 984 3458 sit
1016 3394 1076 3458 suh

65 3484 254 3549 eondieione
292 3483 402 3567 dandi,
438 3505 504 3548 non
535 3504 632 3567 posse
665 3505 723 3566 per
754 3487 863 3568 partes
896 3481 1077 3548 condicioni

65 3572 173 3657 pareri
196 3571 327 3656 quidam
351 3571 450 3656 aiunt,
473 3570 529 3636 sed
553 3572 651 3636 semel
675 3571 813 3636 dandam
835 3571 1021 3656 pecuniam.
