2422 3976
94 201 161 267 370
196 203 229 258 V.
247 199 397 256 NERVAE
416 198 463 254 ET
481 199 634 254 TRAIANI
651 198 759 256 TEMP.
777 198 875 255 IURJS
893 199 1077 258 cONSULTI

183 369 243 440 Qui
274 369 447 429 Aristonem
479 368 642 446 consuluit,
672 387 742 433 cum
769 368 834 429 fisci
864 370 1032 431 advocatus
1060 371 1113 430 ds·

94 478 176 520 mum
206 458 245 518 ab
274 457 427 517 Hadriano
456 457 614 519 institutus
644 457 685 517 sit
713 451 792 532 (vita
821 457 970 518 Hadriani
1000 453 1111 537 §20),

94 548 215 608 videtur
240 548 290 608 vel
318 550 493 623 procurator
517 544 653 605 Caesaris
676 565 749 620 esse,
773 547 822 607 cui
845 541 1003 608 ‘rationes'
1026 567 1111 608 man·

94 637 183 696 datae
220 639 319 711 erant,
356 635 403 693 vel
439 638 562 711 praetor
592 634 701 695 fiscalis
735 654 753 695 a
783 635 885 695 Nerva
918 637 1111 714 constitutus,

94 725 143 786 cui
183 718 274 784 ‘inter
315 722 420 783 fiscum
461 727 491 782 et
531 718 679 799 privatos'
719 723 767 784 ius
810 725 969 784 dicendum
1018 726 1110 786 fluisse

93 813 277 890 Pomponius
306 813 342 872 D.
368 815 400 888 1,
425 814 457 888 2,
482 815 516 891 2,
540 814 581 872 32
614 812 716 873 refert.
771 813 807 874 ei.
840 813 1015 875 Hirschfeld
1046 814 1109 874 VG.

94 923 122 979 p.
148 905 199 977 31,
222 904 273 962 49.

390 1090 441 1156 De
462 1092 610 1174 emptione
631 1092 808 1158 venditione.

183 1216 213 1282 9.
231 1215 271 1281 D.
281 1216 331 1298 18,
339 1217 370 1298 3,
377 1216 406 1282 5.
442 1215 597 1285 Neratius
611 1215 694 1283 libro
709 1217 820 1301 quinto
835 1215 1108 1287 Membrauarum.

93 1306 239 1390 -Lege
257 1303 356 1369 fundo
375 1303 505 1369 vendito
522 1303 618 1387 dicta,
636 1308 682 1388 ut,
701 1305 729 1369 si
743 1305 828 1370 intra
842 1309 966 1371 certum
981 1310 1106 1393 tempus

93 1396 234 1479 pretium
252 1394 394 1459 solutum
411 1414 479 1458 non
498 1393 550 1477 sit,
573 1415 624 1458 res
642 1393 786 1479 inempta
805 1393 857 1477 sit,
879 1394 1106 1480 destuctibus,

96 1505 176 1569 quos
195 1483 325 1550 interim
344 1485 472 1566 emptor
486 1483 693 1567 percepisset,
710 1482 772 1549 hoc
787 1481 841 1571 agi
853 1483 1104 1570 intellegendum

95 1575 154 1654 est,
177 1574 214 1636 ut
237 1575 362 1654 emptor
385 1570 516 1637 interim
539 1592 594 1635 eos
618 1571 681 1635 sibi
705 1593 763 1639 suo
785 1592 928 1658 quosque
947 1573 1018 1640 iure
1036 1594 1104 1659 per·

96 1661 229 1742 ciperet3
257 1658 313 1723 sed
341 1660 368 1723 si
395 1658 514 1724 fundus
542 1661 731 1743 revenisset,
760 1659 871 1727 Aristo
899 1661 1106 1729 existimabat

94 1747 254 1813 venditori
281 1747 320 1812 de
345 1747 398 1813 his
426 1747 576 1815 iudicium
604 1749 638 1816 in
660 1753 838 1835 emptorem
861 1749 1006 1819 dandum
1029 1771 1106 1834 esse,

95 1836 171 1920 quia
193 1835 276 1903 nihil
299 1857 398 1921 penes
422 1858 495 1903 eum
517 1835 658 1902 residere
682 1841 846 1923 oporteret
864 1859 904 1905 ex
923 1860 968 1925 re,
991 1840 1103 1925 inqua

94 1924 190 1993 fidem
212 1924 390 1989 fefellisset.

183 2019 219 2080 cf.
238 2019 360 2079 Pernice
382 2010 429 2078 11²
450 2040 478 2095 p.
496 2022 568 2080 187.

186 2122 235 2186 10.
257 2119 295 2187 D.
304 2121 420 2205 2‚14‚7
429 2141 477 2204 pr.
499 2123 518 2201 ς
535 2123 563 2186 1.
578 2122 609 2186 2.
646 2119 808 2206 Ulpianus
827 2122 911 2186 libro
931 2128 1048 2208 quarto
1066 2122 1101 2188 ad

95 2209 234 2273 edictum
257 2206 308 2294 (P.
322 2207 410 2295 242).
433 2208 575 2274 -Iuris
600 2211 742 2294 gentium
766 2211 997 2278 conventiones
1015 2233 1101 2295 quae

95 2298 170 2362 dam
204 2300 346 2364 actiones
379 2299 526 2382 pariunt,
564 2298 721 2382 quaedam
753 2300 968 2383 exceptiones.
1025 2322 1100 2387 quae

95 2388 224 2470 pariunt
243 2387 400 2467 actiones,
418 2387 453 2450 in
472 2408 530 2454 suo
550 2387 682 2453 nomine
705 2409 772 2452 non
796 2392 896 2473 stant,
920 2390 977 2454 sed
1000 2394 1098 2458 trans·

95 2481 173 2541 eunt
202 2477 235 2542 in
264 2475 430 2560 proprium
458 2497 576 2542 nomen
599 2480 798 2560 contractus,
826 2481 863 2544 ut
886 2480 1010 2562 emptio
1033 2501 1100 2544 ven-

96 2563 186 2648 ditio,
205 2565 323 2630 locatio
343 2565 522 2648 conductio,
546 2567 693 2649 societas,
711 2566 963 2650 commodatum,
983 2568 1101 2652 deposi-

96 2657 165 2717 tum
194 2658 226 2717 et
254 2653 351 2718 ceteri
380 2651 500 2717 similes
524 2657 718 2721 contractus.
765 2654 820 2719 sed
843 2658 875 2719 et
899 2656 927 2719 si
950 2657 985 2722 in
1006 2658 1100 2722 alium

95 2744 298 2806 contractum
326 2763 377 2807 res
406 2762 471 2806 non
494 2748 652 2829 transeat,
682 2743 786 2808 subsit
807 2750 916 2812 tamen
941 2767 1052 2829 eausa,
1073 2792 1099 2808 ..

95 2828 208 2893 Aristo
242 2827 335 2897 Celso
368 2831 535 2915 respondit
570 2854 640 2896 esse
669 2832 911 2917 obligationem.
962 2839 998 2901 ut
1025 2841 1100 2919 puta

96 2916 168 2980 dedi
195 2918 257 2982 tibi
284 2941 352 2982 rem
379 2922 416 2983 ut
444 2920 525 2996 mihi
551 2920 647 2985 aliam
677 2920 782 3004 dares,
815 2921 887 2985 dedi
915 2926 953 2987 ut
982 2921 1098 3009 aliquid

94 3005 209 3088 iacias3
240 3006 301 3072 hoc
334 3007 548 3090 συνάλλαγμα
582 3030 652 3076 esse
683 3014 716 3074 et
750 3009 825 3077 hinc
854 3012 945 3076 nasei
978 3014 1097 3078 civilem

95 3095 335 3178 obligationem.

185 3205 356 3282 Sequuntur
387 3207 471 3267 haec:
506 3203 548 3267 ‘et
586 3209 652 3268 ideo
689 3214 763 3285 puto
795 3213 874 3270 recte
905 3211 1053 3273 Iulianum
1081 3228 1099 3267 a

95 3295 278 3354 Mauriciano
310 3297 522 3370 reprehensum
553 3298 584 3356 in
616 3298 684 3357 hoc:
717 3299 786 3357 dedi
816 3300 874 3359 tibi
904 3300 1039 3361 Stichum
1066 3301 1096 3356 ut

94 3383 283 3460 Pamphilum
306 3386 514 3462 manumittas3
537 3386 749 3463 manumisisti3
774 3388 890 3448 evictus
912 3394 959 3450 est
977 3390 1096 3449 Stichus.

95 3470 230 3532 Iulianus
259 3471 361 3530 scribit
388 3473 419 3531 in
445 3474 558 3534 iactum
587 3478 733 3535 actionem
761 3482 940 3553 apraetore
965 3478 1096 3548 dandam

95 3559 146 3618 ille
169 3561 212 3619 ait
235 3556 354 3620 civilem
376 3561 481 3622 incerti
499 3565 654 3639 actionem,
677 3565 708 3623 id
728 3568 774 3626 est
792 3568 987 3645 praescriptis
1004 3564 1096 3628 verbis
