2422 3976
358 193 382 241 4.
404 185 433 242 0.
448 185 593 242 CASSIUS
611 185 795 243 LONGINUS
1043 190 1085 253 37

158 354 204 413 De
229 353 334 413 Sabini
359 355 508 414 sententia
529 376 557 414 v.
576 355 608 414 H
633 357 650 412 1
674 376 703 431 p.
718 358 796 429 422,
825 374 902 433 quae
925 358 1023 416 nescio
1048 376 1086 417 an

67 443 173 518 potins
207 443 300 519 capiti
332 443 368 502 de
396 443 580 520 adquirenda
607 444 773 504 hereditate
802 436 835 526 (l.
852 464 874 504 c.
889 466 917 521 p.
932 437 1013 526 427)
1040 446 1085 504 in·

69 531 198 591 serenda
220 532 322 591 fuerit.

160 643 190 706 7.
213 640 253 707 D.
263 643 318 727 29,
326 643 356 724 2,
367 643 418 723 25,
427 642 458 706 4.
494 641 585 706 Idem
606 641 663 728 (se.
673 639 847 729 Ulpianus)
865 645 952 708 libro
970 648 1083 710 octavo

69 731 111 795 ad
129 729 288 795 Sabinum
307 727 357 815 (P.
368 728 478 816 2491).
500 767 538 778 —
559 731 687 796 Iussum
708 731 776 795 eius
797 733 904 814 quiin
923 736 1085 816 potestate

68 819 172 883 habet
199 840 268 883 non
296 824 345 883 est
373 819 478 883 simile
506 820 624 884 tutoris
652 820 852 903 auctoritati,
879 843 961 904 quae
987 821 1085 885 inter-

69 909 204 991 ponitur
236 909 379 991 perfeoto
411 909 557 993 negotio,
595 910 651 973 sed
682 909 871 992 praecedere
904 910 1014 992 debet,
1048 913 1086 974 ut

69 995 173 1061 Gaius
203 993 336 1061 Cassius
363 997 448 1061 libro
478 997 618 1062 secundo
645 998 724 1062 iuris
755 997 858 1061 civilis
887 998 1008 1062 scribit.
1054 1003 1087 1063 et

69 1089 166 1170 putat
184 1086 238 1149 vel
253 1107 310 1168 per
323 1085 558 1149 internuntium
572 1086 643 1150 fieri
656 1107 752 1170 posse
766 1086 818 1150 rel
832 1107 890 1168 per
905 1087 1085 1168 epistulam.

162 1175 192 1239 8.
221 1173 260 1237 D.
279 1174 356 1238 ibid.
374 1177 394 1254 ξ
414 1172 445 1238 5.
471 1211 509 1220 -
540 1173 603 1240 Sed
626 1178 735 1238 utrum
759 1175 954 1258 generaliter
978 1173 1087 1258 ‘quae-

70 1284 210 1347 cumque
242 1262 304 1326 tibi
333 1263 495 1328 hereditas
523 1263 622 1328 fuerit
649 1263 779 1346 delata',
813 1284 855 1326 an
883 1262 1085 1346 specialiter?

71 1357 104 1416 et
126 1352 234 1436 magis
256 1352 377 1435 placet,
404 1356 441 1416 ut
464 1351 565 1416 Gaius
589 1350 721 1417 Cassius
746 1351 874 1435 scribit,
902 1352 1086 1436 specialiter

71 1441 188 1506 debere
211 1440 374 1505 mandare.

162 1553 199 1612 of.
215 1550 281 1613 Gai.
296 1554 330 1629 2,
345 1555 395 1612 87.
413 1555 474 1612 187
486 1570 549 1628 sqq.
593 1552 715 1612 Pernioe
738 1552 755 1611 I
776 1574 805 1629 p.
822 1554 895 1612 504.

384 1713 431 1771 De
450 1715 576 1786 pastione
591 1730 650 1787 pro
672 1714 780 1772 laede.

162 1822 193 1886 9.
214 1819 254 1886 D.
261 1821 443 1903 29,2,21,3.
479 1820 568 1886 Idem
584 1819 641 1910 (so.
654 1819 829 1908 Ulpianus)
844 1821 928 1886 libro
943 1821 1083 1907 septimo

71 1911 113 1975 ad
138 1907 297 1976 Sabinum
321 1908 370 1996 (P.
385 1909 496 1995 2482).
522 1946 561 1958 —
586 1911 620 1975 Si
648 1911 718 1995 quis
741 1916 868 1994 partem
891 1933 930 1975 ex
952 1933 1017 1994 qua
1039 1911 1086 1974 in·

73 2001 210 2065 stitutus
235 2002 286 2062 est
307 2001 482 2084 ignoravit,
505 1998 651 2064 Iulianus
675 2000 790 2064 scribit
811 1999 892 2063 nihil
911 2000 941 2063 ei
960 2020 1086 2082 nocere,

73 2089 247 2173 quominus
266 2110 326 2170 pro
345 2087 461 2152 herede
480 2093 614 2171 gereret.
655 2088 740 2171 quod
760 2091 793 2152 et
812 2088 942 2152 (lessius
961 2087 1087 2172 probat,

73 2179 100 2242 si
135 2176 373 2259 condicionem,
410 2177 469 2241 sub
502 2198 565 2260 qua
596 2178 690 2241 heres
724 2176 892 2241 institutus
926 2183 989 2259 est,
1021 2198 1088 2241 non

72 2267 205 2351 ignorat
242 2264 285 2345 [si
321 2269 431 2330 tamen
469 2265 595 2330 exstitit
630 2265 788 2348 condicio,
827 2266 887 2329 sub
920 2288 983 2349 qua
1016 2265 1089 2328 sub-

71 2356 209 2420 stitutus
234 2355 306 2434 estl.

425 2501 533 2560 Liber
555 2501 587 2560 H
608 2501 666 2560 vel
688 2499 744 2561 ΠΙ.

399 2619 449 2684 De
470 2625 560 2702 rupto
583 2624 767 2685 testamento,

166 2744 219 2809 10.
250 2741 284 2808 0.
299 2745 329 2825 6,
345 2744 398 2823 29,
412 2743 443 2807 3.
493 2743 576 2829 lmp.
599 2743 799 2808 Iustinianus
823 2743 861 2807 A.
886 2741 1013 2806 Iuliano
1037 2763 1089 2824 pp.

75 2831 119 2918 (a.
138 2830 229 2919 530).
258 2869 299 2879 -—
330 2882 363 2897 ..
392 2853 464 2896 oum
493 2880 527 2897 ..
555 2835 583 2896 is
613 2832 668 2916 qui
695 2832 729 2895 in
757 2838 869 2896 ventre
897 2830 1089 2915 portabatur

75 2925 275 3006 praeteritus
302 2921 424 3004 luerat,
452 2922 507 3004 qui
534 2921 562 2984 si
590 2921 630 2985 ad
658 2921 762 2985 lucem
789 2921 906 2984 fuisset
931 2919 1090 3000 redactus,

75 3033 153 3075 suus
172 3011 267 3074 heres
286 3010 374 3093 patri
392 3009 554 3092 existeret,
572 3010 601 3075 si
620 3031 686 3073 non
702 3010 784 3074 alius
800 3031 873 3073 eum
888 3008 1090 3073 antecederet

75 3103 108 3163 et
126 3098 291 3163 nascendo
310 3102 443 3181 ruptum
462 3101 692 3162 testamentum
709 3098 859 3178 faciebat,
877 3097 905 3161 si
919 3100 1088 3180 postumus

74 3188 110 3251 in
135 3188 221 3251 hunc
246 3187 375 3270 quidem
399 3187 496 3250 orbus
520 3187 689 3251 devolutus
713 3190 772 3271 est,
794 3207 873 3250 voce
897 3189 1004 3249 autem
1023 3205 1090 3247 non

75 3276 195 3340 emissa
219 3276 261 3339 ab
286 3275 346 3339 hac
370 3276 440 3339 luce
465 3276 647 3340 subtractus
673 3280 736 3357 est,
764 3274 986 3354 dubitabatur,
1010 3273 1036 3334 si
1060 3271 1088 3333 is

75 3369 246 3448 postumus
255 3367 387 3449 ruptum
398 3363 504 3428 facere
514 3367 745 3429 testamentum
755 3359 1090 3447 potest...Sabiniani

75 3452 317 3532 existimabant,
336 3453 365 3516 si
378 3454 470 3517 vivus
484 3457 581 3517 natus
596 3455 653 3536 est,
677 3453 738 3517 etsi
758 3473 870 3517 vocem
889 3471 955 3514 non
974 3447 1090 3530 emisit,

76 3546 207 3627 ruptum
231 3544 461 3606 testamentum
485 3590 538 3607 ...
