2422 3976
99 182 164 247 278
202 181 235 236 V
253 180 403 236 NERVAE
422 180 470 236 ΕΤ
489 180 642 235 TRAIANI
660 179 769 236 ΤΕΜΡ.
787 180 883 236 IURIS
902 179 1080 237 consum

102 344 187 428 apud
218 347 419 430 sequestrum
446 343 579 428 deponit
579 366 618 408 ur
644 365 704 409 res.
754 365 829 408 111111
858 345 888 409 11
915 343 1110 409 omittendae

100 433 315 518 possessionis
352 430 476 517 oausa¹,
513 432 554 497 ad
585 432 815 536 usucapionem
845 433 1011 517 possessio
1043 433 1110 497 eius

100 522 246 607 partibus
280 543 344 587 non
376 482 577 624 procederet,
609 526 645 587 at
677 523 705 586 si
737 522 903 586 custodiae
933 543 1032 587 causa
1059 521 1111 586 de-

98 613 253 694 ponatur,
286 610 326 674 ad
358 609 588 693 usucapionem
621 631 691 674 eam
725 610 964 694 possessionem
997 609 1111 676 victori

97 698 269 783 procedere
292 703 429 765 constat.

190 805 253 871 12?
273 804 313 870 D
325 802 379 889 16
381 805 478 892 3,10
515 804 659 870 Iulianus
673 805 756 870 libro
771 805 910 871 secundo
925 827 965 870 ex
979 804 1108 871 Minicio

99 890 313 996 (P.853)—
272 893 388 980 -(Ι).
405 856 456 977 16,
470 895 500 976 3,
514 894 534 958 9
558 892 677 958 Paulus
700 893 720 958 l.
734 892 832 960 XVII
855 894 895 959 ad
914 893 962 959 ed.
1000 893 1038 959 In
1058 893 1107 958 dc·

97 982 197 1066 positi
231 984 356 1049 actione
389 983 417 1047 si
449 1005 489 1047 ex
519 981 608 1048 facto
641 982 784 1047 defuncti
758 986 889 1067 ttaga
889 1003 929 1046 ur
874 981 1107 1048 tadversus

97 1092 196 1137 unum
228 1094 267 1136 ex
297 1071 443 1155 pluribus
475 1070 662 1153 heredibus,
697 1092 758 1157 pro
790 1075 884 1156 parte
914 1071 1108 1137 hereditaria

98 1181 193 1245 agere
221 1161 335 1245 debeo;
367 1162 394 1224 si
424 1180 499 1224 vero
528 1182 566 1224 ex
594 1181 652 1225 suo
681 1159 810 1244 delicto,
838 1181 898 1244 pro
926 1165 1020 1244 parte
1046 1181 1107 1225 non

97 1246 244 1335 ago...)
282 1270 341 1313 nec
360 1248 512 1313 adversus
532 1247 702 1314 coheredes
722 1248 799 1333 eius,
823 1248 877 1334 qui
895 1248 972 1315 dolo
993 1252 1105 1330 carent,

97 1335 236 1421 depositi
210 1339 344 1403 tactio
369 1337 533 1423 competit

188 1445 251 1509 13.
274 1442 632 1526 Ι).14,2,8.1111111111
655 1443 739 1508 libro
759 1443 898 1508 secundo
918 1465 957 1508 cx
977 1443 1104 1509 Minicio

96 1528 144 1618 (P.
164 1528 340 1617 8117)).-
367 1493 430 1608 'Qii
461 1532 615 1597 levandae
646 1533 739 1597 navis
768 1531 876 1617 gratia
902 1553 955 1597 res
983 1533 1103 1618 aliquas

96 1621 271 1702 proiciunt,
298 1642 364 1685 non
390 1620 473 1686 hanc
497 1625 639 1686 mentem
661 1617 805 1703 haberc²,
836 1625 873 1684 111
895 1642 950 1686 eas
974 1644 1034 1705 pro
1057 1621 1103 1685 de·

94 1707 208 1773 relicto
231 1707 382 1810 habeant,
405 1711 523 1811 quippe
547 1710 574 1774 si
594 1710 775 1774 invenerint
794 1731 859 1793 eas,
882 1709 1048 1775 ablaturos
1067 1714 1101 1793 et,

98 1796 126 1860 si
153 1796 308 1880 suspicati
330 1797 451 1863 fuerint
436 1802 464 1882 t,
491 1797 526 1862 in
548 1820 643 1881 quem
665 1799 773 1863 locum
796 1799 917 1863 eiectae
941 1803 1030 1882 sunt,
1058 1817 1100 1862 re

96 1885 281 1968 quisituros,
295 1890 332 1951 ut
344 1887 476 1970 perinde
491 1887 557 1952 sint
567 1882 673 1973 (sicr),
687 1908 724 1955 ac
739 1888 766 1951 si
781 1887 853 1970 quis
868 1908 965 1951 onere
978 1906 1099 1972 pressus

94 1973 129 2037 in
157 1974 242 2038 viam
270 1996 339 2039 rem
367 1975 521 2040 abiecerit
547 1997 623 2040 mox
651 1997 730 2040 cum·
747 1974 820 2040 aliis
845 1997 1044 2054 reversurus,
1069 1976 1099 2038 ut

96 2063 229 2127 eandem
254 2064 401 2128 auferret.

188 2165 253 2234 13¹2.
275 2169 314 2234 D.
328 2171 382 2250 41,
398 2171 426 2251 7,
442 2171 470 2234 7.
501 2168 591 2234 Idem
610 2166 668 2255 (so.
681 2165 841 2256 Iulianus)
865 2169 949 2235 libro
969 2166 1095 2235 secundo

95 2278 134 2320 ex
155 2255 288 2323 Minicio
312 2257 361 2343 (P.
376 2254 477 2343 857⁸).
504 2294 541 2305 —
568 2256 602 2323 81
631 2258 701 2344 quis
728 2280 849 2323 merces
874 2281 913 2322 ex
936 2281 1019 2324 nave
1042 2259 1094 2321 iac·

94 2349 179 2410 tatas
202 2347 387 2431 invenisset,
410 2369 487 2411 num
510 2348 582 2413 ideo
607 2368 781 2430 usucapere
804 2369 871 2412 non
892 2347 1007 2431 possit,
1029 2344 1091 2431 quia

94 2455 159 2499 non
187 2435 371 2499 viderentur
403 2435 587 2519 derelictae,
620 2437 791 2521 quaeritur.
842 2441 895 2499 sed
927 2441 1026 2503 1111111
1057 2436 1092 2496 est

95 2546 240 2604 cumpro
264 2529 407 2589 derelicto
431 2548 595 2606 usucapere
618 2548 677 2589 non
699 2547 795 2606 posse.

465 2716 516 2783 Dc
537 2719 738 2784 seroitrctchuc.

187 2840 249 2904 14?
273 2841 311 2905 D.
322 2842 350 2924 8,
362 2842 392 2925 2,
403 2842 454 2906 22.
492 2841 635 2906 Iulianus
654 2842 738 2908 libro
759 2842 898 2908 secundo
918 2865 958 2907 ex
974 2837 1087 2908 Minicio

96 2926 145 3014 (P.
165 2927 254 3013 850).
280 2967 317 2976 —
344 2929 406 3005 Qui
435 2929 614 2994 aedificium
641 2930 754 3013 hahet,
782 2935 892 3013 potest
918 2932 1087 2996 servitutem

93 3016 200 3081 vicino
222 3018 396 3101 imponere,
420 3024 457 3082 ut
476 3041 543 3083 non
562 3021 665 3083 solum
685 3019 794 3083 dehis
814 3020 1001 3104 luminibus,
1023 3032 1087 3102 quae

93 3105 126 3168 in
157 3107 338 3189 praesentia
371 3111 477 3191 erunt,
511 3108 565 3171 sed
598 3108 696 3171 etiam
729 3108 767 3171 de
799 3107 850 3171 his
882 3131 963 3192 quae
990 3109 1087 3192 posteo

92 3193 223 3278 fuerint,
247 3198 368 3258 caveat.

183 3283 246 3348 16?
270 3283 308 3347 D
320 3284 349 3366 8,
358 3282 734 3364 2,34.Ιι111111111111110
755 3284 895 3350 secundo
915 3307 954 3350 ex
973 3279 1087 3349 Minicio

168 3482 180 3527 1
204 3475 278 3529 Trio
297 3475 397 3529 adiecit
415 3476 445 3528 et
462 3475 516 3529 hoc
534 3477 630 3544 aperte
648 3474 733 3529 fuerit
751 3475 948 3545 approbatum.

164 3551 180 3598 2
202 3545 278 3600 Trio
296 3544 486 3614 proiciunt—
506 3545 620 3600 habent.
