2422 3976
384 196 410 244 4.
433 188 464 245 L.
483 188 667 244 NERATIUS
686 188 834 245 PRISGUS
1048 189 1113 255 319

112 350 265 417 succidere
293 355 450 438 quantum
479 351 519 417 ad
543 352 639 417 villae
662 351 868 418 refectionem
890 357 986 438 putet
1008 372 1113 438 posse,

113 441 356 519 mammosam
395 441 519 524 calcem,
564 441 683 525 inquit,
723 462 846 524 coquere
881 443 928 508 vel
963 443 1112 508 harenam

96 526 203 606 -lodere
224 530 350 596 aliudve
371 530 448 612 quid
468 531 609 613 aedificio
630 533 836 596 neeessariam
858 552 984 597 sumere.

192 618 242 684 18.
260 617 300 684 D.
307 619 337 701 7,
344 620 430 704 1,44.
464 617 617 684 Neratius
631 619 715 684 libro
730 620 828 685 tertio
842 619 1112 685 Membranarum.

121 738 149 751 -
178 704 442 772 Usufruotuarius
475 730 592 773 novum
625 708 796 774 tectorium
828 708 1021 792 parietibus,
1057 709 1113 794 qui

121 793 197 859 rudes
232 795 387 875 fuissent,
422 799 587 881 imponere
619 819 685 862 non
715 801 836 881 potest,
874 799 948 882 quia
980 798 1112 862 tametsi

75 902 78 971 f
122 884 266 950 meliorem
286 885 462 950 excolendo
482 885 663 950 aedificium
683 884 804 951 domini
823 909 954 952 oausam
968 887 1112 951 facturus

75 976 78 1045 t
123 975 200 1055 esset,
224 995 291 1039 non
318 978 428 1039 tamen
450 973 484 1037 id
508 976 577 1038 iure
601 996 659 1039 suo
683 973 787 1039 faeere
810 980 933 1059 potest,
961 974 1112 1058 aliudque

123 1062 159 1123 est
176 1063 258 1127 tueri
281 1062 367 1147 quod
385 1064 570 1168 ¹accepisset
593 1062 681 1128 eliud
702 1085 822 1129 novum
845 1062 979 1129 lacere¹

432 1238 483 1306 De
505 1240 644 1306 libertale
663 1241 779 1306 relicto.

191 1346 240 1413 19.
268 1345 307 1411 D.
320 1347 374 1432 40,
390 1348 418 1429 7,
437 1349 484 1412 17.
534 1345 687 1413 Neratius
714 1349 798 1412 libro
826 1349 923 1413 tertio
951 1347 1110 1413 Membra·

120 1444 223 1500 narum.
249 1472 286 1482 —
314 1433 348 1501 Si
376 1436 486 1502 decem
513 1436 624 1501 heredi
646 1437 799 1518 dedisset,
825 1437 932 1502 iussus
956 1441 1006 1502 est
1029 1437 1112 1503 liber

121 1534 181 1590 esse.
211 1524 321 1590 deoem
343 1524 444 1590 habet
462 1529 495 1590 et
512 1525 705 1589 tantundem
724 1525 854 1591 domino
873 1526 980 1591 debet:
1003 1526 1110 1592 dando

75 1674 78 1687 ,
121 1599 182 1677 haee
204 1613 313 1678 decem
335 1634 403 1679 non
425 1614 626 1679 liberabitur.
661 1636 737 1679 nam
756 1615 841 1698 qnod
861 1615 1052 1682 statulibero
1072 1638 1111 1680 ex

75 1704 78 1755 f
118 1703 226 1775 900qu
241 1723 301 1768 suo
316 1702 392 1767 dare
406 1703 583 1787 explendae
597 1702 796 1769 condicionis
811 1726 909 1768 eausa
924 1726 1111 1770 eoncessum

118 1788 161 1873 eu,
179 1791 227 1856 ita
249 1790 456 1876 interpretari
478 1792 641 1876 debemus,
663 1796 783 1857 utnon
803 1793 902 1857 etiam
921 1815 959 1857 ex
978 1815 1016 1859 eo
1035 1794 1111 1861 dare

116 1878 216 1959 nsua,
248 1880 332 1964 quod
366 1884 458 1945 extra
489 1881 652 1964 peculium
682 1884 741 1947 est.
790 1903 850 1946 neo
879 1904 929 1946 me
955 1884 1112 1966 praeterit

116 1955 162 2031 boe
185 1989 336 2034 nummos
363 1969 542 2054 peculiares
567 1992 662 2053 posse
685 1969 761 2055 diei,
789 1971 950 2055 quamvis,
977 1971 1005 2035 si
1028 1971 1110 2034 nihil

114 2060 268 2133 praeterea
301 2079 412 2124 servus
443 2059 579 2140 habeat,
610 2059 772 2142 peculium
800 2059 924 2124 nullum
952 2059 1004 2125 sit.
1054 2058 1110 2123 sed

114 2138 242 2212 dubitari
267 2168 333 2211 non
361 2150 503 2231 oportet,
531 2147 610 2231 quin
637 2148 717 2213 haee
744 2170 835 2212 mens
859 2147 958 2211 fuerit
979 2148 1011 2210 id
1035 2169 1110 2212 eon·

112 2232 312 2319 diluentium,
327 2239 364 2300 ut
379 2236 473 2321 quasi
486 2258 525 2300 ex
538 2237 734 2319 patrimonio
750 2258 807 2301 suo
823 2236 918 2300 dandi
933 2236 1110 2301 eonomine

110 2338 191 2390 servo
214 2327 363 2410 potestas
386 2329 480 2409 esset,
506 2324 581 2409 quia
604 2325 636 2390 id
660 2325 798 2390 maxime
823 2326 892 2389 sine
914 2324 1034 2389 iniuria
1056 2325 1110 2388 do·

108 2412 258 2479 minorum
287 2413 418 2479 concedi
446 2413 622 2479 videbatur.
668 2414 753 2498 quod
782 2414 810 2478 si
832 2414 918 2477 ultra
942 2412 1012 2497 quis
1036 2435 1109 2497 pro-

107 2501 272 2583 gredietur,
289 2523 355 2566 non
373 2503 512 2566 multum
531 2503 644 2586 aberit,
663 2503 741 2586 quin
760 2503 859 2567 etiem
878 2523 932 2566 eos
951 2523 1110 2581 nummos,

105 2607 177 2673 quos
195 2589 327 2655 domino
342 2590 547 2675 subripuerit,
567 2591 671 2657 dando
687 2592 911 2657 statuliberum
927 2590 1109 2655 condicioni

104 2678 339 2745 satisfacturum
365 2679 534 2744 existimet.

393 2856 443 2921 De
465 2858 615 2940 emptione
636 2859 813 2923 venditione.

185 2963 240 3029 20.
262 2963 301 3029 D.
314 2962 364 3047 19,
375 2964 453 3047 1‚31
460 2985 509 3046 pr.
550 2962 705 3029 Neratius
728 2963 811 3029 libro
830 2963 929 3029 tertio
948 2963 1108 3030 Membra·

97 3073 221 3119 narum.
250 3089 292 3098 -
317 3048 352 3115 si
380 3074 418 3116 ea
445 3074 510 3135 res,
538 3075 635 3137 quam
664 3076 701 3118 ex
729 3058 836 3137 empto
864 3058 1028 3136 praestare
1056 3054 1108 3117 de·

98 3142 223 3224 bebam,
242 3141 276 3206 vi
293 3140 374 3205 mihi
393 3140 543 3226 adempta
561 3142 672 3226 fuerit,
691 3141 837 3224 quamvis
856 3164 928 3206 eam
947 3141 1108 3206 custodire

96 3230 277 3313 debuerim,
304 3233 413 3294 tamen
435 3231 569 3315 propius
594 3233 657 3311 est,
684 3236 721 3294 ut
742 3230 824 3294 nihil
849 3231 985 3315 amplius
1011 3250 1108 3314 quam

95 3321 241 3386 rationes
272 3319 513 3402 persequendae
545 3319 612 3383 eius
644 3319 803 3403 praestari
836 3343 855 3384 a
887 3341 937 3383 me
971 3317 1108 3401 emptori

94 3411 262 3495 oporteat,
289 3407 364 3493 quia
391 3407 538 3472 custodia
565 3407 717 3473 adversus
741 3409 805 3472 vim
828 3431 945 3493 parum
968 3407 1105 3491 proficit.

166 3571 182 3620 1
203 3562 251 3620 Fe.
270 3580 306 3619 an
324 3580 427 3620 norum
445 3564 559 3620 faceret.
