2422 3976
443 163 467 214 7.
487 156 673 214 PROOULUS
1000 158 1062 222 137

412 372 461 438 De
484 373 544 457 depe
566 374 708 456 Aquatia.

141 517 192 581 19.
221 515 262 581 D.
278 516 309 595 9,
323 517 353 599 2,
367 515 419 598 29,
434 517 463 581 3.
508 513 669 601 Ulpianus
695 516 779 581 libro
803 521 916 582 octavo
940 517 1063 584 decimo

63 605 96 670 ad
118 605 257 693 edictum
282 603 331 692 (P.
350 601 456 692 625³).
478 640 523 651 —
546 605 697 670 ..Labeo
722 605 848 690 scribit,
871 607 913 688 si,
935 627 1006 670 cum
1032 607 1064 672 vi

10 702 12 793 t
63 696 221 760 ventorum
254 692 348 759 navis
380 694 521 778 impulsa
554 698 639 758 esset
666 694 699 757 in
726 693 820 758 funes
849 695 1063 760 anchorarum

64 783 186 848 alterius
221 787 255 847 et
290 785 408 847 nautae
445 782 537 847 funes
574 782 820 868 praecidissent,
857 782 964 848 nullo1
1001 785 1063 849 alio

28 884 31 888 '
63 872 146 937 nodo
166 872 232 936 nisi
250 871 404 955 praecisis
423 869 553 935 funibus
573 872 732 955 explicare
751 893 785 936 se
804 872 921 956 potuit,
939 873 1063 937 nullam

64 962 212 1025 actionem
250 959 397 1025 dandam.
452 960 599 1045 idemque
631 959 741 1024 Labeo
777 963 810 1024 et
841 958 998 1025 Proculus
1032 965 1064 1025 et

64 1047 136 1115 circa
162 1049 247 1113 retia
273 1049 487 1133 piscatorum,
513 1049 547 1113 in
571 1071 652 1133 quae
675 1048 767 1112 navis
790 1049 989 1132 piscatorum
1015 1050 1062 1113 in-

64 1137 187 1222 ciderat,
223 1136 444 1202 aestimarunt.
496 1138 592 1220 plane
630 1138 658 1201 si
695 1138 790 1222 culpa
825 1141 997 1202 nautarum
1030 1137 1064 1202 id

64 1222 173 1291 factum
200 1230 301 1308 esset,
329 1226 400 1309 lege
423 1223 556 1310 Aquilia
580 1226 747 1310 agendum.
795 1225 851 1290 sed
875 1227 929 1290 ubi
952 1226 1064 1291 damni

64 1311 168 1380 iniuria
197 1315 307 1399 agitur
335 1315 376 1379 ob
404 1316 499 1402 retia,
526 1336 593 1379 non
619 1314 770 1397 piscium,
798 1314 853 1398 qui
878 1314 952 1379 ideo
978 1315 1064 1399 capti

64 1421 118 1468 non
145 1407 236 1489 sunt,
266 1403 337 1467 fieri
365 1404 643 1486 aestimationem,
671 1425 743 1467 cum
770 1404 930 1468 incertum
957 1403 1063 1488 fuerit,

65 1511 94 1556 sn
119 1495 319 1577 caperentur.
366 1492 527 1577 [idemque
550 1492 640 1556 etin
663 1492 871 1557 venatoribus
895 1493 985 1558 etin
1009 1515 1063 1557 au·

64 1581 186 1666 rupibus
211 1579 435 1666 probandum]

423 1828 474 1895 De
496 1830 689 1895 condictione.

138 1973 191 2036 20.
227 1969 266 2035 Ι).
292 1971 480 2054 12,4,15.
536 1970 734 2056 Pomponius
767 1972 852 2035 libro
885 1971 1061 2035 vicensimo

62 2061 192 2125 secundo
217 2059 258 2124 ad
278 2059 435 2125 Sabinum
459 2057 508 2147 (P.
524 2059 613 2146 687).
635 2096 672 2106 -
694 2056 774 2124 Cum
799 2081 910 2124 servus
934 2064 1008 2124 tuus
1029 2060 1063 2123 iu

62 2149 271 2233 suspicionem
294 2148 375 2213 furti
393 2149 484 2213 Attio
507 2150 657 2233 venisset,
681 2149 796 2213 dedisti
820 2171 893 2212 eum
916 2149 949 2211 in
969 2170 1063 2232 quae-

60 2238 191 2302 stionem
220 2238 279 2301 sub
308 2259 345 2302 ea
373 2259 483 2320 causa,
509 2240 560 2319 ut,
588 2239 615 2301 si
638 2237 671 2300 id
694 2240 856 2320 repertum
879 2236 913 2300 in
936 2258 973 2301 eo
996 2258 1063 2300 non

59 2330 144 2410 esset,
162 2326 352 2390 redderetur
365 2327 434 2391 tibi.
466 2328 582 2390 iseum
601 2325 733 2389 tradidit
748 2326 910 2409 praefecto
925 2325 1062 2408 vigilum
1113 2391 1120 2404 ‚

57 2416 143 2498 quasi
163 2417 200 2479 in
213 2414 357 2479 facinore
372 2414 613 2499 deprehensum.
645 2414 826 2497 praefectus
842 2413 974 2496 vigilum
990 2434 1063 2476 eum

10 2542 12 2549 ·
56 2523 178 2568 summo
208 2504 365 2586 supplicio
394 2503 520 2569 adfecit.
566 2524 642 2588 ages
673 2525 746 2568 cum
769 2501 862 2566 Attio
890 2501 966 2564 dare
990 2522 1064 2564 eunr

55 2591 112 2656 tibi
144 2596 308 2676 oportere,
340 2593 416 2677 quia
448 2597 482 2657 et
514 2595 587 2656 ante
620 2595 758 2656 mortem
790 2591 866 2655 dare
897 2589 959 2654 tibi
990 2611 1063 2654 eum

54 2680 241 2766 oportuerit.
278 2679 386 2746 Labeo
408 2681 454 2745 ait
472 2702 569 2765 posse
588 2682 686 2745 etiam
705 2681 745 2744 ad
764 2678 980 2744 exhibendum
999 2678 1062 2763 agi,

53 2770 205 2854 quoniam
233 2768 345 2834 fecerit
372 2791 435 2853 quo
464 2770 569 2834 miuus
599 2769 772 2834 exhiberet.
823 2769 878 2832 sed
906 2766 1061 2832 Proculus

52 2857 121 2923 dari
149 2861 299 2942 oportere
326 2859 374 2923 ita
401 2858 461 2939 ait,
489 2858 517 2922 si
544 2858 675 2922 fecisses
702 2858 770 2921 eius
793 2856 957 2922 hominem
984 2857 1062 2942 [quo

51 2967 125 3013 casu
150 2947 191 3011 ad
214 2946 430 3011 exhibendum
449 2968 543 3031 agere
562 2951 594 3010 te
614 2968 678 3010 uon
696 2945 842 3030 posse?];
866 2946 921 3008 sed
941 2947 968 3009 si
987 2950 1062 3009 tuus

50 3036 239 3119 mansisset,
271 3036 370 3099 etiam
396 3036 476 3100 furti
504 3039 537 3099 te
564 3040 710 3100 acturum
738 3056 811 3099 cum
839 3056 890 3115 eo,
924 3035 1001 3117 quia
1027 3054 1061 3095 re

50 3125 158 3190 aliena
180 3124 228 3188 ita
251 3123 295 3188 sit
317 3145 403 3209 usus,
425 3127 463 3189 ut
485 3125 581 3188 sciret
605 3145 638 3188 se
661 3124 763 3187 invito
786 3124 917 3187 domino
940 3124 987 3186 uti
1006 3124 1062 3184 aut

49 3212 219 3280 dominnm
242 3212 270 3276 si
293 3213 391 3277 sciret
412 3212 651 3297 prohibiturum
675 3234 753 3277 esse.

139 3324 226 3396 Quae
248 3324 331 3383 uncis
355 3324 464 3384 inclusi
488 3323 630 3383 additicia
653 3342 717 3382 esse
740 3324 861 3384 Pernice
885 3321 992 3381 censet.

123 3538 136 3584 1
157 3528 208 3586 Fr.
227 3528 252 3582 si
269 3527 355 3584 nullo.
