2422 3976
96 186 162 252 400
199 187 232 242 V.
251 184 401 240 NERVAE
420 184 468 240 ΕΤ
487 184 642 240 TRAIANI
659 185 767 242 ΤΕΜΡ.
786 186 885 242 1111110
904 186 1081 245 consumi

183 355 246 414 Nec
277 354 386 414 desunt
417 357 518 413 tamen
549 354 733 429 fragmenta,
765 354 875 432 quibus
909 355 1061 417 Iulianum
1089 375 1106 416 a

94 446 283 520 praeceptore
304 443 483 511 ¹dissensisse
501 442 655 521 probetur,
679 442 841 521 exquibus
860 463 956 504 unum
974 445 1104 522 inprimis

94 535 202 592 notatu
225 532 349 608 (liguum
371 532 498 607 profero.

244 703 425 769 Iavolenus.
791 702 945 771 Iulianus.

139 811 177 878 D.
187 812 239 895 23,
247 811 336 895 2,46.
352 807 451 875 Gaius
464 809 574 879 LVIII
672 809 712 876 D.
721 811 772 893 24,
783 809 814 895 2,
825 811 865 876 11
875 833 924 894 pr.
942 811 1018 898 Ulp.
1032 810 1103 877 IIII

97 901 136 964 ad
156 902 176 964 1.
194 900 254 965 lul.
273 904 307 964 et
324 899 401 981 Pap.
422 936 465 946 -
488 899 573 964 Illud
629 899 668 964 ad
683 899 703 964 l.
718 899 825 965 16161
840 898 917 984 Pap.
936 937 981 948 -
1000 900 1102 967 ...611

95 989 309 1055 dubitationis
327 991 386 1071 est,
407 1011 449 1052 an
468 988 575 1072 etqui
628 988 692 1052 lex:
721 987 864 1054 ‘divortii
890 989 1030 1054 faciendi
1051 1011 1100 1074 po-

95 1099 298 1144 communem
321 1076 473 1141 libertam
496 1098 574 1141 uxo·
628 1081 730 1142 testas
746 1076 894 1162 libertae,
912 1101 997 1164 quae
1010 1081 1099 1162 nupta

95 1189 163 1232 rem
196 1165 335 1245 duxerit,
369 1165 407 1229 ad
435 1166 496 1232 hoo
524 1165 574 1230 ius
629 1168 680 1230 est
706 1169 856 1251 patrono,
884 1189 926 1232 ue
952 1165 1036 1232 estc'

96 1257 288 1321 admittatur
304 1251 360 1340 (sc.
375 1254 472 1339 ‘quod
487 1255 574 1338 dicit,
629 1253 774 1319 lulianus
794 1304 823 1320 ..
843 1256 983 1339 amplius
1008 1257 1096 1341 putet,

94 1345 197 1410 invito
233 1347 372 1428 patrono
414 1344 574 1428 libertam,
628 1364 687 1408 nec
723 1344 757 1406 in
790 1344 1007 1410 concubinatu
1037 1364 1095 1408 eam

97 1455 178 1517 quae
215 1435 245 1496 ei
281 1438 383 1514 nupta
420 1435 481 1517 est,
519 1433 574 1496 alii
629 1432 760 1497 alterius
775 1433 906 1517 patroni
921 1454 992 1499 esse
1004 1452 1094 1517 posse.

95 1523 218 1586 nubere
237 1519 446 1606 nonposse’).
481 1521 574 1586 lavo·
1131 1534 1134 1549 ¹

96 1611 186 1674 lenus
221 1611 366 1694 negavit,
403 1611 478 1695 quie
509 1632 575 1675 non

96 1697 574 1784 proprievidetureiusliberta,

96 1807 177 1870 quae
201 1787 300 1850 etiam
324 1786 458 1851 alterius
482 1789 534 1855 sit.

183 1950 229 2009 De
261 1950 363 2012 Prisco
400 1952 465 2029 illo,
503 1970 592 2028 quem
629 1951 709 2028 apud
746 1952 918 2012 Fulcinium
953 1952 1090 2030 attigimus

96 2030 139 2120 (p.
160 2031 253 2120 261),
283 2041 391 2100 iorum
415 2043 596 2101 monendum
620 2044 679 2115 est,
702 2058 771 2099 cum
793 2040 970 2102 Involenum
993 2055 1089 2121 quoquc

96 2127 189 2188 Prisci
219 2130 338 2189 nomine
366 2131 516 2205 designari
544 2131 676 2206 potuisse
705 2132 736 2188 et
763 2135 909 2205 appareat
937 2133 968 2190 et
994 2129 1089 2190 Plinius

96 2222 185 2293 epi,
203 2221 242 2278 15
267 2220 375 2294 probet
398 2222 428 2278 et
450 2219 602 2277 Iulianum
625 2238 743 2296 quoque
764 2219 859 2277 Prisci
882 2220 1001 2280 nomine
1021 2218 1089 2277 illum

97 2306 190 2364 videri
215 2308 386 2385 designasse
409 2308 469 2367 iam
494 2327 583 2384 supra
605 2307 778 2367 monuerim.
825 2309 944 2386 reliqua
964 2300 1089 2368 eiusmodi

96 2394 278 2472 fragmenta,
307 2415 373 2455 cum
401 2397 503 2472 potius
532 2397 570 2455 66
593 2396 750 2455 Neratium
780 2396 940 2457 videantur
968 2399 1088 2474 spectare,

95 2484 237 2544 hocloco
262 2486 451 2544 omittuntur.

185 2574 370 2633 Posteriores
398 2574 571 2634 Iauolenum
602 2574 727 2632 laudant
750 2573 794 2632 hi:
822 2574 936 2634 Valens
959 2577 991 2634 in
1012 2566 1087 2633 Fidei·

97 2662 321 2721 commissorum
350 2663 435 2722 libris
464 2655 514 2742 (D.
531 2664 581 2737 33,
600 2667 625 2734 1,
643 2654 712 2744 15),
744 2661 836 2722 Gaius
861 2665 900 2722 ad
927 2666 1024 2740 legem
1046 2653 1088 2718 XII

96 2748 270 2809 tabularum
291 2744 341 2832 (D.
358 2753 407 2824 50,
426 2754 474 2824 16,
492 2743 624 2832 236,1),
644 2752 682 2809 66
700 2752 797 2828 legem
811 2751 923 2811 Iuliam
943 2756 974 2812 61
987 2749 1086 2827 Papiam

97 2829 146 2914 (D.
164 2840 214 2913 23,
230 2843 258 2916 2,
274 2833 331 2922 46)
360 2845 390 2899 61
417 2841 503 2899 libris
526 2839 755 2899 institutionum
780 2834 823 2918 (3,
841 2832 913 2922 70),
941 2841 1047 2900 Paulus
1067 2833 1086 2891 11

97 2923 311 2992 Quaestionum
329 2930 413 2989 libris
433 2923 484 3011 (D.
501 2933 550 3004 11,
568 2934 595 3006 1,
612 2931 662 3003 20,
679 2921 711 3006 1)
731 2933 762 2987 61
775 2930 813 2987 66
828 2927 983 2989 Plautium
998 2922 1086 3011 (D.34‚

97 3016 126 3089 2,
147 3008 195 3095 8),
223 3016 369 3091 Ulpianus
398 3019 483 3077 libris
512 3019 549 3077 66
578 3017 722 3076 Sabinum
752 3010 785 3097 (l.
805 3017 852 3077 ΙΠ
874 3019 912 3079 D.
929 3022 979 3097 28,
995 3019 1086 3095 2611·

95 3103 125 3162 P.
143 3106 241 3177 2445,
265 3107 283 3164 1.
298 3106 357 3165 VII
376 3108 412 3166 D.
427 3110 477 3184 28,
493 3110 521 3184 5,
539 3110 588 3179 17,
604 3109 637 3181 5,
658 3109 693 3165 61
712 3106 846 3166 conicere
865 3107 951 3184 11661,
969 3111 999 3168 61
1015 3101 1087 3169 1118»

96 3194 124 3266 5,
147 3197 185 3253 19
215 3194 247 3253 P.
264 3197 357 3254 eres.
375 3199 473 3273 erse,
502 3198 520 3255 1.
539 3195 636 3254 xiix
659 3195 695 3253 Ι).
713 3198 762 3272 re,
778 3199 807 3267 4,
823 3198 853 3274 2,
869 3200 909 3255 17
935 3198 968 3256 P.
984 3181 1086 3265 6966),

96 3283 219 3358 denique
257 3284 378 3358 ignotus
417 3287 469 3344 ille
504 3286 556 3362 qui
593 3286 628 3344 66
660 3285 790 3343 formula
826 3285 961 3346 Fabiana
993 3277 1087 3358 scripsit

95 3366 232 3446 10611661.
252 3372 320 3430 libr.
339 3373 386 3431 HI
408 3396 436 3449 p.
453 3368 540 3453 300).

183 3460 220 3518 16
243 3461 327 3520 novis
351 3462 484 3540 Digestis
508 3463 718 3539 componendis
743 3463 959 3523 Tribonianum
977 3449 1087 3522 lavoleni

95 3565 210 3624 quoque
243 3550 328 3608 libris
360 3571 447 3610 usum
475 3572 539 3611 esse
567 3553 664 3611 indice
688 3552 863 3613 Florentino
892 3551 1087 3629 comprobatur,
