2422 3976
94 196 160 260 294
196 196 229 251 V.
247 194 395 250 NERVAE
412 195 461 249 ET
479 195 631 250 TRAIANI
650 195 755 250 ΤΕΜΡ.
775 195 870 250 IURIS
889 194 1068 252 consum

183 364 220 422 In
241 363 360 423 Neratii
386 365 554 442 fragmento
583 364 662 440 quod
687 383 783 423 unum
811 363 923 423 diserte
949 365 997 423 his
1019 363 1102 424 libris

95 451 285 524 attribuitur,
312 452 475 512 laudantur
498 452 643 512 Proculus
667 457 698 511 et
720 452 895 530 Atilicinus,
923 471 1052 530 quorum
1074 454 1102 510 in

93 541 252 616 Pomponii
287 540 464 619 fragmentis
500 560 666 619 nunquam,
703 542 821 617 saepius
859 541 939 617 apud
977 541 1102 600 Paulum

94 629 207 689 mentio
226 628 261 688 fit
280 623 329 709 (de
344 630 470 690 Proculo
484 651 512 690 r.
526 629 560 688 P.
576 632 669 688 1101.
687 632 781 689 1118.
799 632 892 707 1156,
911 628 947 688 de
962 629 1102 690 Atilicino

93 717 126 776 P.
142 720 236 779 1081.
260 712 619 798 1114.1158·.1172),
646 719 699 795 qui
727 722 757 778 et
778 710 939 778 ‘veterum’
962 737 1102 795 responsa

94 798 145 888 (D.
160 809 211 880 47,
228 810 257 885 2,
272 809 355 883 67,2
381 807 412 865 P.
430 809 513 865 1141
542 800 669 866 ‘veteres
692 800 938 886 responderunt')
966 808 1016 868 vel
1039 827 1102 867 eon·

94 895 268 956 stitutiones
296 888 347 977 (D.
363 898 414 973 45,
431 900 458 969 1,
476 898 514 954 61
540 895 572 953 Ρ,
589 897 672 956 1289
703 889 829 955 ‘veterm
856 891 1102 976 constituerunt’)

94 985 206 1044 attulit.

470 1084 519 1150 De
531 1086 732 1151 servitutibus,

186 1213 212 1274 1.
240 1209 280 1274 D.
300 1212 329 1291 8,
349 1211 378 1292 3,
397 1211 427 1288 5,
447 1212 476 1274 1.
522 1209 680 1293 Ulpianus
709 1210 792 1275 libro
819 1209 957 1294 septimo
982 1210 1102 1275 decimo

95 1299 135 1363 ad
154 1299 294 1363 edietum
313 1297 362 1384 (P.
377 1296 481 1384 5960).
502 1334 541 1345 -
567 1297 789 1363 ...Neratius
807 1297 899 1363 libris
918 1321 957 1363 ex
976 1298 1102 1363 Plautio

94 1388 142 1451 ait
178 1410 238 1452 neo
269 1388 422 1451 haustum
455 1410 514 1451 neo
546 1388 717 1471 appulsum
749 1386 874 1470 pecoris
908 1408 968 1451 neo
1001 1393 1102 1451 cretae

95 1476 280 1540 eximendae
313 1476 471 1559 calcisque
504 1476 687 1561 coquendae
719 1477 769 1540 ius
803 1497 898 1560 posse
930 1477 966 1539 in
999 1477 1100 1540 alieno

94 1586 177 1647 esse,
206 1564 266 1628 nisi
295 1564 428 1628 fundum
456 1565 597 1629 vicinum
620 1564 765 1649 habenti}
794 1571 826 1628 et
848 1564 910 1629 hoc
931 1563 1101 1630 Proculum

94 1657 127 1716 11
159 1653 346 1716 Atilicinum
382 1652 582 1718 existimasse
615 1651 804 1737 <Plautius>
836 1654 890 1717 ait.
947 1653 1004 1718 sed
1035 1654 1099 1736 ipse

92 1740 181 1821 dicit,
205 1745 241 1804 ut
264 1743 401 1805 maxime
420 1741 518 1806 caleis
538 1741 721 1825 coquendae
741 1746 774 1805 et
792 1744 897 1806 cretae
917 1741 1098 1806 eximendae

94 1828 232 1893 servitus
256 1829 409 1894 constitui
431 1831 550 1914 possit,
577 1852 641 1893 non
665 1830 752 1894 ultra
774 1851 882 1914 posse,
906 1852 1004 1914 quam
1027 1851 1095 1914 qua·

93 1921 187 1981 tenus
212 1918 251 1982 ad
276 1940 348 1982 eum
372 1919 478 2001 ipsum
501 1919 633 1982 fundum
660 1941 740 2001 opus
765 1920 816 1983 sit.

388 2094 437 2160 De
459 2098 607 2178 emptione
628 2097 805 2160 venditione

182 2218 225 2282 2?
247 2218 285 2283 D.
299 2221 349 2303 18,
361 2223 389 2302 1,
399 2221 440 2284 57
449 2243 496 2303 pr.
524 2219 645 2285 Paulus
659 2220 742 2284 libro
758 2219 871 2304 quinto
887 2219 928 2283 ad
939 2218 1087 2283 Plautium

95 2303 144 2392 (P.
162 2304 270 2394 1116).
289 2346 326 2354 -
348 2308 487 2373 Domum
508 2309 580 2392 emi,
600 2331 671 2372 oum
692 2330 764 2372 eum
784 2311 817 2370 et
834 2328 894 2393 ego
911 2314 944 2373 et
957 2307 1087 2372 venditor

94 2396 295 2461 combustam
315 2399 546 2481 ignoraremus.
583 2395 689 2461 Nerva
709 2395 847 2460 Sabinus
868 2395 999 2462 Cassius
1018 2387 1083 2459 nihil

93 2485 234 2566 venisse,
263 2485 409 2569 quamvis
438 2508 513 2549 area
536 2491 679 2570 maneat,
706 2486 939 2568 pecuniamque
963 2485 1083 2549 solutam

93 2573 218 2638 eondioi
254 2596 350 2657 posse
388 2575 487 2637 aiunt.
543 2574 597 2637 sed
633 2575 659 2637 si
691 2596 767 2657 pars
800 2573 915 2638 domus
950 2568 1081 2642 maneret,

93 2660 248 2726 Neratius
283 2664 329 2726 ait
361 2663 438 2747 <in>
469 2663 530 2726 hae
558 2662 745 2745 quaestione
774 2663 912 2726 multum
940 2663 1080 2727 interesse.

93 2755 216 2832 quanta
241 2773 316 2833 pars
341 2750 454 2816 domus
478 2751 625 2815 incendio
649 2754 838 2833 consumpta
861 2749 938 2833 (sit,
961 2738 1079 2835 quanta)

96 2845 285 2920 permaneat
309 2842 368 2923 [11,
392 2841 418 2904 si
442 2839 570 2923 quidem
594 2839 731 2923 amplior
755 2839 867 2903 domus
891 2863 968 2922 pars
991 2833 1080 2902 exasit

93 2928 152 3004 111,
176 2947 241 2989 111
265 2930 476 3011 compellatur
500 2933 626 3010 emptor
649 2928 800 3010 perficere
821 2930 1021 3011 emptionem,
1041 2909 1079 2982 sed

95 3014 193 3077 etiam
217 3017 301 3097 quod
324 3016 407 3081 forte
431 3017 572 3081 solutum
597 3016 637 3079 ab
663 3039 699 3080 eo
725 3020 773 3080 est
797 3017 930 3101 repetit3
954 3018 1002 3080 sin
1023 3019 1078 3104 refO

95 3104 145 3166 vel
167 3103 297 3167 dimidia
314 3128 389 3188 pars
410 3105 461 3169 vel
480 3105 585 3168 minor
604 3127 700 3188 quam
719 3105 851 3168 dimidia
866 3109 981 3170 exusta
994 3093 1078 3166 fuerit

95 3196 170 3256 tuno
208 3194 400 3258 coartandus
435 3198 484 3258 est
516 3197 642 3276 emptor
673 3193 891 3258 venditionem
925 3188 1078 3273 adimplere

94 3281 316 3344 aestimatione
345 3283 405 3346 viri
433 3283 511 3346 boni
539 3282 697 3345 arbitratu
724 3281 850 3362 habita,
884 3286 921 3346 ut
950 3279 1028 3366 quod
1050 3281 1078 3331 0¹

94 3369 198 3450 pretio
227 3373 359 3452 propter
387 3371 567 3435 incendium
596 3370 777 3434 decrescere
804 3370 903 3434 fuerit
927 3371 1078 3434 inveniunt

92 3456 134 3519 ab
158 3457 253 3521 huius
277 3460 493 3541 praestatione
517 3460 692 3538 liberetur]

185 3550 356 3610 Triboniani
380 3573 414 3611 ea
438 3571 503 3612 esse
526 3572 601 3628 quae
624 3552 707 3610 uncis
731 3553 839 3610 inclusi
863 3554 968 3629 negari
989 3539 1079 3624 nequii·
