2422 3976
144 197 211 262 284
246 198 278 253 V.
297 196 447 252 NERVAE
467 195 514 250 ΕΤ
535 195 686 252 TRAIANI
705 195 812 252 TEMP.
831 195 928 251 IURIS
947 194 1127 252 CONSULTI

143 384 204 446 pro
239 365 331 444 parte
364 360 494 424 dimidia
526 359 715 443 separatim,
752 359 779 424 si
815 381 879 425 uno
914 358 1031 426 iudioio
1065 360 1157 443 liber,

145 451 248 514 altero
276 470 386 514 servus
420 448 577 513 iudicatus
611 452 673 532 est,
705 448 1002 514 commodissimum
1036 452 1088 514 est
1120 471 1159 515 eo

145 560 245 622 usque
282 538 355 624 cogi
387 536 523 616 iudioes,
559 537 660 602 donee
693 538 904 604 consentiant.
962 539 989 602 si
1021 538 1054 603 id
1092 559 1161 603 non

146 628 327 712 continget,
356 623 512 690 Sabinum
540 625 677 690 refertur
705 626 906 691 existimasse
930 626 1002 693 duci
1029 649 1161 693 servum

146 716 259 780 debere
293 716 333 779 ab
366 736 403 779 eo
439 715 493 798 qui
521 714 663 792 vicisset,
697 715 787 779 euius
817 715 996 780 sententiae
1025 713 1161 781 Cassius

145 826 271 888 quoque
296 807 353 868 est.

234 915 274 974 Et
302 933 357 993 ego
386 933 460 973 sum.
509 916 540 973 et
568 932 639 973 sane
665 913 826 974 ridioulum
854 918 900 975 est
923 915 1068 975 arbitrari
1091 936 1164 977 eum

144 1024 199 1081 pro
225 1007 312 1082 parte
340 1003 464 1062 dimidia
491 1002 573 1076 duoi,
600 1021 654 1080 pro
678 1005 764 1077 parte
787 1003 959 1063 libertatem
982 1005 1046 1064 eius
1070 1006 1163 1067 tueri

146 1093 333 1153 commodius
365 1096 465 1151 autem
498 1096 545 1151 est
573 1092 676 1151 favore
703 1092 853 1152 libertatis
880 1092 1009 1152 liberum
1037 1094 1165 1172 quidem

146 1200 215 1241 eum
237 1199 312 1259 esse,
334 1179 473 1256 oompelli
491 1184 591 1239 autem
608 1180 699 1257 pretii
718 1181 764 1240 sui
781 1183 898 1257 partem
916 1182 974 1241 viri
992 1181 1066 1242 boni
1085 1183 1165 1243 arbi·

145 1273 231 1330 tratu
253 1269 359 1330 viatori
382 1287 436 1329 suo
458 1271 620 1345 praestare.

430 1475 481 1541 De
503 1497 588 1559 aqua
606 1477 716 1559 pluvio
738 1478 878 1543 arcenda.

235 1600 301 1667 32?
324 1598 362 1664 D.
374 1601 425 1685 39,
436 1602 466 1685 3,
477 1599 528 1666 25.
569 1599 714 1664 Iulianus
734 1600 817 1664 libro
838 1601 949 1684 quinto
970 1623 1009 1665 ex
1028 1600 1165 1669 Minicio

148 1689 196 1775 (P.
208 1686 296 1774 874).
315 1724 357 1734 -
381 1687 414 1753 Is
438 1688 527 1753 ouius
551 1687 651 1754 fundo
671 1690 724 1753 via
743 1689 885 1771 debetur,
909 1711 1011 1773 aquae
1030 1691 1165 1774 pluviae

147 1777 190 1860 <a
203 1778 277 1862 via>
292 1777 448 1842 arcendae
463 1797 557 1862 agere
571 1780 680 1860 potest
691 1776 782 1841 fundi
792 1777 842 1842 sui
851 1783 992 1863 nomine,
1008 1781 1164 1863 quoniam

148 1867 306 1932 deteriore
329 1865 382 1930 ria
405 1864 492 1930 faeta
515 1864 615 1930 fundo
639 1868 780 1930 nocetur.

479 2136 524 2194 nx
546 2135 755 2217 russeriam
779 2135 831 2195 ιι.

442 2261 488 2319 De
510 2263 634 2320 enarres
656 2263 736 2320 ausis
759 2261 867 2333 tereus.

239 2380 304 2446 33?
325 2379 363 2444 D.
375 2380 427 2463 50,
441 2380 489 2458 16,
499 2379 573 2444 206.
611 2378 755 2443 Iulianus
770 2379 852 2444 libro
868 2383 958 2443 sexto
974 2401 1015 2445 ex
1029 2381 1164 2449 Minicio

150 2468 199 2555 (P.
222 2468 311 2554 881).
344 2506 380 2516 -
415 2466 571 2533 ‘Vinaria'
605 2490 682 2531 vasa
715 2469 842 2551 proprie
875 2490 953 2531 vasa
986 2473 1164 2537 torcularia

150 2581 219 2623 esse
241 2560 361 2645 placet3
386 2558 473 2622 dolia
496 2561 604 2620 autem
629 2561 661 2619 et
685 2557 784 2620 serias
808 2556 931 2620 tamdiu
954 2559 987 2622 in
1010 2582 1048 2623 ea
1068 2583 1163 2626 eausa

150 2669 232 2729 esse,
265 2646 416 2731 quamdiu
449 2647 561 2709 riuum
588 2645 757 2728 haberent,
790 2666 862 2709 oum
891 2646 958 2710 sine
987 2648 1064 2713 vino
1095 2671 1162 2715 esse

150 2735 340 2820 desinerent,
362 2735 393 2798 in
419 2757 457 2799 eo
481 2756 615 2799 numero
639 2755 705 2798 non
729 2755 807 2813 esse,
831 2735 981 2818 quoniam
1002 2737 1044 2801 ad
1064 2739 1162 2803 alium

149 2845 242 2887 usum
271 2823 440 2888 transferri
467 2826 612 2907 possent,
638 2822 740 2886 veluti
769 2823 796 2886 si
824 2822 1023 2888 frumentum
1050 2826 1086 2890 in
1112 2826 1161 2890 his

151 2911 294 2976 addatur.
341 2912 474 2976 eandem
497 2933 627 2976 oausam
652 2911 882 2995 amphorarum
906 2933 991 2995 esse,
1015 2917 1066 2993 ut,
1091 2937 1162 2981 oum

151 3000 260 3065 vinum
292 3001 450 3083 habeant,
480 3005 550 3064 tum
582 2999 617 3062 in
650 3003 735 3064 vasis
767 2999 916 3087 vinariis,
948 3022 1022 3065 eum
1050 3005 1161 3068 inanes

151 3089 231 3173 sint,
252 3094 323 3153 turn
346 3096 436 3152 extra
459 3110 627 3152 numerum
651 3089 849 3153 vinariorum
873 3088 948 3172 sint,
975 3091 1053 3173 quia
1078 3091 1161 3156 aliud

151 3178 185 3241 in
207 3178 259 3242 his
284 3178 357 3242 addi
380 3179 492 3261 possit.

240 3288 412 3349 Orationem
453 3291 623 3363 corruptam
664 3289 722 3348 viri
763 3288 843 3348 dooti
884 3289 967 3349 varie
1005 3293 1159 3351 emendare

151 3377 281 3437 student.
322 3379 486 3437 Mommsen
515 3377 604 3435 soribi
631 3377 727 3435 iubet:
755 3370 836 3436 ‘oum
864 3379 927 3437 sine
955 3380 1027 3440 vino
1055 3384 1159 3449 essent

152 3466 286 3525 desinere
305 3468 336 3525 in
356 3485 389 3524 eo
408 3484 531 3523 numero
551 3459 639 3541 esse',
662 3466 755 3524 Lenel
772 3465 864 3525 verba
884 3460 960 3527 ‘esse
980 3461 1159 3529 desinerent'

151 3556 282 3632 glossam
304 3559 395 3632 putat
418 3558 448 3613 et
470 3557 575 3629 postea
598 3548 720 3614 ‘essent'
744 3553 942 3616 scribendum.
