2422 3976
240 184 276 242 II.
294 184 531 242 moraremur
550 184 779 242 SENTENTIAE
799 187 845 241 ET
863 186 968 242 LIBRI.
1043 189 1107 252 549

103 346 260 432 ‘plurimi'
291 348 420 433 quidem
451 349 584 412 verbum
616 348 760 414 adicitur.
810 352 842 413 et
873 350 945 414 ideo
978 351 1108 434 quidam

103 441 301 520 putaverunt
322 437 461 501 liberum
481 458 550 502 csse
569 437 665 502 iudici
685 436 724 501 ad
743 437 775 501 id
794 443 920 521 tempus
940 461 977 502 ex
997 440 1108 504 diebus

100 524 195 590 XXX
217 526 478 590 aestimationem
503 525 661 611 redigere,
687 548 749 610 quo
773 527 902 610 plurimi
928 549 979 591 res
1003 528 1109 611 fuerit,

99 615 152 679 rel
176 614 218 679 ad
239 614 274 678 id
296 635 360 698 quo
384 613 517 678 minoris
539 613 644 679 fuerit.

190 717 227 778 ef.
249 715 290 796 Π,
309 719 325 776 1
346 736 375 792 p.
391 718 463 776 521.

191 817 244 884 95.
274 814 313 883 D.
337 818 394 903 47,
419 818 474 903 10,
495 817 546 883 25.
599 817 688 882 Idem
729 814 786 901 (sc.
819 815 993 904 Ulpianus)
1025 819 1108 884 libro

102 908 217 971 octavo
234 906 358 972 decimo
373 906 413 971 ad
430 907 628 972 edictum-
704 907 731 970 si
745 906 903 990 virginem
914 909 1108 973 inmaturam

101 995 311 1080 stupraverit,
338 995 435 1059 etiam
463 995 544 1080 legis
569 996 718 1080 Aquiliae
747 995 904 1059 actionem
928 1001 1108 1080 competere

100 1084 234 1168 quidam
255 1087 379 1167 putant.

190 1171 243 1238 96.
276 1169 589 1256 collat.12,7,10.
630 1171 786 1256 Ulpianus
814 1172 897 1236 libro
926 1171 1039 1238 XVIII
1068 1173 1108 1237 ad

100 1260 251 1326 edictum.
276 1298 314 1308 -
341 1309 370 1324 ..
393 1259 505 1326 Celeus
605 1262 728 1326 scribit:
757 1262 786 1326 si
813 1282 884 1324 cum
914 1284 990 1344 apes
1018 1284 1108 1326 meae

98 1349 141 1413 ad
165 1353 239 1414 tuas
261 1349 476 1434 advolassent,
495 1353 531 1413 tu
555 1370 608 1414 eas
627 1349 796 1435 exusseris,
814 1350 969 1434 quosdam
989 1371 1108 1435 negare

99 1443 283 1521 competere
320 1439 400 1523 legis
434 1437 582 1522 Aquiliae
619 1437 790 1522 actionem,
907 1439 998 1522 quasi
1031 1460 1107 1521 apes

99 1525 226 1591 domini
248 1527 311 1590 mei
334 1548 399 1591 non
422 1525 550 1590 fuerint.

452 1692 498 1749 Dc
520 1693 625 1751 domm
648 1694 758 1766 infecto.

191 1799 243 1864 97.
270 1798 309 1865 D.
328 1799 385 1885 39,
404 1801 436 1880 2,
457 1801 507 1865 36.
548 1799 668 1866 Paulus
695 1801 777 1866 libro
806 1801 927 1866 decimo
955 1801 993 1865 ad
1019 1799 1106 1865 Sabi·

98 1910 189 1954 num.
206 1924 249 1934 —
269 1938 298 1953 ..
317 1889 364 1951 ita
382 1888 532 1953 idoneum
551 1911 620 1953 esse
640 1887 697 1969 (se.
716 1891 871 1974 parietem
890 1887 1106 1976 communem)

97 1977 246 2062 plerique
268 1977 429 2055 dixerunt,
453 1981 489 2040 ut
511 1980 719 2062 utrarumque
742 1979 869 2041 aedium
893 1999 1001 2056 onera,
1025 1999 1107 2061 quae

97 2065 197 2132 modo
211 2066 281 2130 iure
294 2067 511 2150 imponantur,
521 2068 697 2130 communis
707 2065 812 2150 paries
826 2067 982 2130 sustinere
993 2065 1105 2151 possit.

190 2154 242 2219 98.
272 2151 312 2219 D.
331 2155 382 2238 39,
401 2155 432 2238 2,
452 2154 480 2218 6.
519 2154 617 2219 Gaius
651 2155 734 2220 libro
764 2156 867 2238 primo
898 2154 937 2218 ad
968 2155 1106 2218 edictum

97 2243 309 2327 provinciale.
334 2241 519 2307 -Evenit
546 2246 583 2306 ut
613 2265 854 2326 nonnumquam
882 2243 997 2308 damno
1030 2243 1105 2306 dato

97 2331 190 2397 nulla
231 2331 324 2397 nobis
362 2335 523 2414 competat
561 2332 646 2396 aetio
682 2355 746 2397 nou
783 2331 974 2415 interposita
1010 2335 1106 2396 antea

98 2420 260 2502 cautione,
282 2420 383 2485 veluti
407 2420 434 2483 si
453 2420 551 2483 vicini
572 2420 665 2485 aedes
684 2421 832 2485 ruinosae
851 2421 885 2485 in
904 2442 992 2484 meas
1012 2420 1106 2484 aedes

99 2508 281 2592 ceciderint,
301 2507 379 2572 adeo
399 2512 435 2571 ut
454 2507 615 2592 plerisque
634 2509 790 2593 placuerit
809 2531 867 2574 nec
887 2510 957 2593 cogi
978 2507 1106 2594 quidem

98 2618 174 2662 eum
206 2618 315 2681 posse,
348 2600 385 2660 ut
414 2595 529 2660 rudera
560 2599 667 2682 tollat,
699 2599 727 2662 si
759 2598 853 2662 modo
886 2599 993 2662 omnia
1025 2619 1106 2681 quae

97 2686 229 2752 iaceant
250 2707 309 2769 pro
332 2685 483 2750 derelicto
506 2685 632 2751 habeat.

501 2844 551 2909 De
572 2846 705 2911 Iniuriae.

187 2959 242 3023 99.
265 2957 303 3023 D.
318 2959 370 3043 28,
386 2958 414 3037 1,
429 2960 480 3023 26.
515 2959 614 3024 Gaius
633 2961 715 3025 libro
736 2960 888 3024 vicesimo
909 2959 1046 3024 secundo
1066 2960 1105 3023 ad

98 3047 239 3112 edictum
276 3048 483 3131 provinciale.
514 3085 552 3093 —
582 3046 662 3113 Cum
700 3050 770 3132 lege
807 3048 878 3130 quis
910 3048 1105 3112 intestabilis

97 3137 231 3202 iubetur
258 3157 341 3216 esse,
369 3156 406 3200 eo
435 3137 587 3220 pertinet,
614 3159 654 3201 ne
682 3139 749 3201 eius
777 3136 998 3200 testimouium
1030 3137 1106 3198 reci·

98 3225 212 3308 piatur
234 3229 267 3288 et
289 3246 327 3288 eo
352 3224 506 3307 amplius,
528 3229 565 3289 ut
589 3226 718 3308 quidam
741 3228 866 3307 putant,
888 3245 929 3287 ue
954 3220 1022 3288 vel1
1042 3223 1105 3306 ipsi

98 3312 225 3379 dicatur
247 3312 479 3378 testimonium.

187 3415 234 3474 De
256 3415 323 3492 lege
347 3413 485 3475 Cornelia
507 3435 602 3476 sermo
627 3418 680 3476 est.
716 3416 753 3475 cf.
772 3415 808 3474 D.
822 3418 875 3493 47,
892 3417 941 3493 10,
957 3417 985 3495 5,
1001 3417 1028 3474 9.

171 3553 187 3603 1
207 3547 254 3605 Ill.
273 3565 350 3606 neve.
