2422 3976
107 199 150 263 26
178 199 225 254 III.
241 199 316 254 GAII
330 199 476 254 CLAUDII
486 197 621 255 NERON.
633 198 777 254 GALBAE
786 199 894 256 ΤΕΜΡ.
904 200 1000 256 IURIS
1012 201 1116 259 CONS.

105 369 205 427 insula
232 369 263 426 in
291 387 349 444 quo
378 368 554 446 cucurrerit,
581 386 659 426 unus
686 368 811 446 quisque
838 368 960 428 modum
982 370 1117 431 fluminis

104 455 226 515 maioris
250 474 410 533 agnoscere
434 457 535 534 debet,
558 459 589 516 et
612 477 677 516 eam
699 458 829 516 insulam
851 457 914 532 ipse
939 457 995 517 sibi
1021 457 1116 518 vindi-

108 544 201 620 cabit,
229 545 314 604 cuius
337 547 449 604 terram
472 546 682 622 tempestative
704 546 947 622 praeoccupavit3
974 548 1118 622 quoniam

107 653 166 692 non
184 634 363 709 possessoris
381 635 573 712 neglegentia
591 636 642 694 sed
660 635 850 710 tempestatis
864 635 1007 695 violentia
1026 655 1118 713 appa·

103 725 151 781 ret
173 717 353 798 abreptum'

477 806 527 871 Dc
543 807 742 890 possessione.

193 932 243 995 17.
270 928 310 994 D.
329 932 382 1008 41,
401 932 431 1013 2,
451 933 479 1012 1,
493 929 523 994 5.
569 929 691 994 Paulus
714 930 800 994 libro
824 931 1115 1014 quinquagensimo

103 1022 218 1103 quarto
243 1019 283 1083 ad
307 1019 448 1084 edictum
473 1015 693 1104 (11611).-
716 1019 964 1103 ..adquirimus
986 1041 1114 1103 posses·

103 1109 226 1173 sionem
248 1130 308 1193 per
331 1130 459 1172 serrum
484 1111 539 1171 aut
556 1107 668 1189 filium,
692 1107 747 1190 qui
765 1107 798 1170 in
816 1110 979 1190 potestate
998 1112 1058 1191 est,
1081 1114 1115 1174 et

102 1196 231 1280 quidem
255 1219 365 1260 earum
389 1218 510 1277 rerum,
538 1218 617 1279 quas
641 1194 847 1278 peculiariter
869 1199 990 1279 tenent,
1013 1198 1114 1262 etiam

99 1287 302 1369 ignorantes,
335 1287 418 1350 sicut
449 1283 569 1349 Sabino
604 1289 637 1348 11
665 1281 776 1349 Cassio
796 1285 1004 1370 ...placuit,
1036 1287 1114 1370 quia

99 1379 213 1438 nostra
236 1374 405 1438 voluntate
428 1374 662 1459 intellegantur
683 1373 857 1458 possidere,
881 1375 936 1459 qui
955 1373 1001 1438 eis
1018 1395 1114 1458 pecu·

100 1463 181 1527 lium
204 1463 323 1527 habere
346 1463 596 1546 permiserimus.

408 1655 436 1712 2.
465 1652 514 1711 Ad
535 1653 584 1712 ius
606 1653 807 1712 honorarium.

364 1761 414 1826 De
435 1763 504 1827 iure
526 1764 651 1828 domum
672 1764 842 1828 reaccendi.

190 1877 239 1943 18.
262 1877 301 1943 D.
315 1877 346 1963 5,
361 1878 390 1958 1,
405 1878 457 1961 24,
469 1880 499 1942 2.
535 1876 625 1942 Idem
641 1877 700 1960 (sc.
715 1874 851 1963 Paulus)
869 1877 953 1943 libro
969 1879 1111 1962 septimo

99 1966 223 2032 decimo
248 1968 288 2031 ad
306 1966 472 2031 Plautium
496 1965 544 2048 (P.
561 1967 644 2031 1231
661 1964 683 2050 ).
711 2003 748 2012 -
775 1968 848 2031 ..si
870 1967 1055 2050 postulatur
1077 1969 1111 2032 in

97 2077 165 2120 rem
192 2056 277 2121 actio
301 2055 455 2120 adversus
479 2055 633 2140 legatum,
657 2054 812 2139 numquid
830 2055 936 2119 danda
956 2054 1007 2138 sit,
1032 2077 1112 2140 quo-

97 2144 185 2208 niam
205 2166 243 2209 ex
261 2145 424 2230 praesenti
442 2143 646 2228 possessione
665 2142 745 2207 haec
764 2148 847 2208 actio
868 2144 938 2208 est?
977 2142 1112 2211 Cassius

96 2233 264 2316 respondit
282 2235 328 2297 sic
347 2232 550 2313 servandum,
568 2236 614 2312 ut,
633 2232 661 2296 si
680 2232 877 2296 subducatur
892 2232 1111 2298 ministerium

97 2321 136 2406 ei,
159 2343 224 2386 non
249 2322 293 2386 sit
317 2321 520 2386 concedenda
543 2321 638 2403 actio,
662 2321 689 2384 si
713 2343 788 2386 vero
813 2342 852 2385 ex
875 2322 988 2385 multis
1008 2324 1109 2386 servis

97 2410 135 2474 de
159 2433 224 2476 uno
250 2420 379 2496 agatur,
402 2431 467 2474 non
491 2411 535 2473 sit
557 2409 742 2474 inhibenda.

235 2589 296 2668 Qui
317 2589 381 2652 nisi
398 2607 458 2668 pro
480 2588 570 2651 certis
588 2588 729 2669 personis
751 2607 789 2651 11
807 2587 971 2668 postulent.
1009 2635 1011 2639 ,

184 2716 220 2775 D.
242 2719 270 2788 3,
290 2719 356 2793 2,1
389 2717 541 2775 Ρ11111111
572 2716 664 2775 rerba
696 2716 810 2774 dieunt:
844 2709 867 2773 ³.
888 2759 922 2776 ..
950 2717 1003 2792 qui
1034 2719 1109 2778 artis

95 2805 229 2864 ludicrae
250 2805 503 2880 pronuntiandive
527 2823 618 2864 causa
640 2804 672 2862 in
695 2822 833 2862 scaenam
852 2799 1019 2879 prodierit?

185 2924 236 2988 19.
259 2922 298 2988 D.
313 2925 342 3006 3,
357 2925 387 3006 2,
400 2925 478 3007 Apr.
514 2922 675 3007 Ulpianus
694 2922 779 2987 libro
799 2928 890 2986 sexto
910 2923 950 2986 ad
968 2924 1108 2990 edictum

95 3008 143 3096 (P.
159 3009 264 3098 areb).
290 3050 327 3060 -
353 3013 563 3077 Athletas..
589 3009 726 3076 Sabinus
754 3014 786 3074 et
814 3009 946 3076 Cassius
973 3035 1108 3098 respon-

93 3100 210 3164 derunt
242 3101 372 3165 omnino
405 3107 509 3166 artem
540 3099 696 3165 ludicram
728 3121 793 3164 non
826 3099 943 3183 facere,
977 3103 1108 3167 virtutis

95 3189 181 3253 enim
204 3191 310 3273 grstia
333 3191 394 3254 hoo
417 3189 532 3255 facere.
602 3223 604 3226 ·

434 3355 481 3414 Dc
502 3359 612 3428 recepto
635 3356 764 3413 orba'trio.

182 3466 234 3529 20.
266 3465 305 3530 D.
325 3467 355 3547 4,
375 3468 405 3550 8,
421 3466 475 3529 40.
520 3463 717 3546 Pomponius
749 3464 834 3529 libro
866 3463 1035 3528 undecimo
1069 3486 1108 3528 ex

93 3550 205 3618 Variis
215 3553 424 3619 Lectionibus
435 3554 485 3638 (P.
494 3550 583 3640 832).
594 3589 636 3601 -—
647 3551 780 3616 Arbiter
789 3552 929 3617 calendis
944 3551 1106 3617 Ianuariis
