2422 3976
96 174 161 238 262
197 173 231 228 V.
249 172 399 227 NERVAE
418 172 465 226 ΕΤ
483 171 635 227 TRAIANI
653 172 758 227 TEMP.
776 173 873 230 IURlS
893 172 1079 230 CONSULTI

94 342 222 417 quidam,
247 340 300 418 qui
318 340 477 418 consuluit,
494 358 568 400 usus
586 341 723 401 videatur
741 359 815 401 esse.
846 351 920 401 num
937 342 1004 419 ipss
1017 342 1106 402 Pom-

94 429 201 506 ponius
229 428 365 488 Priscum
391 429 588 505 consuluerit,
616 431 753 508 cognosci
780 430 894 507 nequit.
937 450 1006 490 cum
1034 450 1105 493 vero

93 519 146 578 illo
164 518 229 579 loco
249 537 307 594 quo
326 518 496 576 Fulcinium
513 518 625 592 laudat,
648 537 708 578 non
725 537 903 593 responsum
920 520 986 579 eius
1008 521 1105 598 affert,

94 606 146 666 sed
174 608 252 685 quod
274 606 429 665 Fulcinius
451 600 604 683 ‘scripsit’‚
627 606 762 666 Priscum
790 610 893 667 autem
915 609 1104 684 respondisse

93 695 196 772 tradit,
219 695 387 754 Fulcinium
410 714 469 753 non
491 695 641 773 designari
663 696 840 770 putaverim.

184 783 296 843 Paulus
318 802 378 843 non
401 783 487 842 modo
507 783 677 843 Fulcinium
699 785 812 863 laudat,
836 785 888 843 sed
911 784 1004 844 otiam
1018 785 1102 848 Ia'vo·

97 874 199 932 lenum
231 875 262 932 et
288 873 458 948 Neratium3
490 876 646 948 praeterea
677 872 715 931 ad
746 873 826 932 hunc
853 872 946 933 libros
975 873 1101 950 scripsit.

95 961 225 1021 Fulcinii
251 981 321 1022 vero
350 961 513 1020 sententias
544 961 631 1020 affert
658 961 689 1019 in
712 961 849 1037 pluribus
872 961 973 1040 libris,
1002 981 1042 1022 sc.
1065 963 1101 1022 ad

95 1050 251 1129 Sabinum,
284 1050 321 1108 ad
354 1050 499 1124 edictum,
532 1050 570 1108 ad
601 1050 621 1110 l.
648 1049 759 1108 Iuliam
791 1053 822 1109 61
848 1050 974 1127 Papiam
1006 1055 1038 1111 61
1065 1051 1099 1110 ad

93 1139 255 1199 Plautium.
304 1157 371 1198 cum
399 1138 435 1196 de
462 1138 557 1197 Prisci
581 1139 730 1198 sententia
754 1139 903 1198 referatur
931 1139 1010 1200 libro
1034 1137 1098 1198 LIV

5 1247 7 1251 ’
94 1228 131 1286 ad
164 1227 308 1304 edictum,
339 1227 372 1285 in
403 1244 461 1302 quo
490 1227 658 1285 Fulcinium
690 1246 808 1303 quoque
840 1227 946 1287 laudat
980 1220 1031 1309 (D.
1050 1229 1096 1304 43,

95 1319 146 1392 16,
166 1308 210 1395 8),
233 1315 298 1375 fieri
319 1318 432 1392 potest,
454 1317 490 1374 ut
513 1315 683 1374 Fulcinium
705 1315 802 1375 Prisci
823 1317 942 1376 nomine
966 1316 1095 1394 designa·

93 1404 185 1479 verit,
213 1423 303 1481 quem
330 1404 405 1463 alias
428 1397 576 1463 ‘Priscum
598 1399 779 1463 Fulcinium'
803 1405 951 1465 nominari
973 1406 1096 1484 legimus

94 1485 143 1574 (Ι).
160 1494 211 1567 31,
226 1495 276 1565 49,
294 1484 337 1571 2).
382 1492 471 1551 aliter
494 1492 586 1552 sentit
607 1492 708 1569 1161161,
732 1492 785 1570 qui
802 1494 835 1553 P.
850 1494 866 1552 I
884 1494 939 1554 col.
956 1496 1019 1555 778
1037 1495 1093 1552 112

93 1585 173 1641 66116
192 1580 227 1640 D.
243 1583 294 1653 41,
310 1584 338 1654 2,
354 1584 382 1660 1,
399 1584 437 1640 21
463 1581 621 1640 Neratium
643 1581 795 1659 designari
813 1582 967 1643 existimat
985 1581 1098 1644 collatis

93 1669 297 1748 Ι).41,1,13
322 1673 352 1728 61
371 1672 423 1745 41,
438 1672 466 1746 3,
481 1672 533 1729 47.
574 1670 927 1747 611111).41,2,1,21
953 1672 989 1730 de
1012 1667 1098 1731 simili

94 1757 215 1835 quidem
233 1776 264 1815 re
283 1757 455 1833 disputatur
474 1762 563 1836 atque
583 1758 618 1817 de
637 1777 696 1835 qua
709 1758 851 1818 Neratius
870 1759 955 1838 dixit,
974 1760 1098 1819 sednon

94 1845 131 1904 de
158 1847 275 1923 eadem3
302 1845 338 1904 de
366 1847 412 1906 his
439 1866 509 1906 vero
537 1847 626 1906 rebus
654 1866 672 1906 a
698 1847 803 1906 multis
827 1847 1015 1924 disputatum
1035 1861 1096 1906 esse

94 1937 219 1994 constat.
244 1935 280 1993 cf.
295 1935 331 1994 D.
345 1937 397 1996 41.
413 1936 441 2014 2,
458 1938 485 2008 1,
503 1938 542 1995 22
559 1929 692 2012 ‘quidam
706 1939 810 1995 contra
823 1939 943 2013 putant,
962 1935 1094 2015 quoniam

93 2022 174 2098 ipsos
198 2042 297 2083 servos
320 2043 380 2082 non
402 2018 585 2100 possideant’
610 2016 664 2105 (sc.
683 2018 862 2104 municipes)
885 2030 916 2085 et
935 2023 999 2086 Gai.
1015 2027 1040 2101 2,
1054 2022 1092 2083 90

94 2106 144 2171 ‘an
177 2116 278 2171 autem
309 2112 456 2187 possessio
489 2106 676 2189 adquiratur'
709 2103 762 2194 (sc.
789 2133 844 2188 per
874 2132 924 2174 eas
950 2127 1089 2191 personas,
1140 2152 1142 2157 -

95 2218 168 2277 quas
200 2201 230 2258 in
258 2220 349 2259 manu
377 2201 562 2276 mancipiore
589 2193 748 2280 habemus)
778 2202 882 2278 quaeri
910 2203 999 2281 solet,
1029 2198 1088 2278 quia
1138 2186 1142 2229 ¹

93 2289 175 2364 ipsas
197 2309 257 2348 non
279 2284 484 2365 possidemus’.

183 2377 328 2453 Ulpianus
344 2378 395 2454 qui
410 2389 502 2454 aeque
516 2381 607 2454 atquc
620 2378 733 2437 Paulus
746 2395 807 2436 non
820 2378 909 2439 modo
923 2378 1083 2446 Fulcinium,

94 2467 146 2525 sed
173 2468 265 2525 etiam
292 2466 465 2526 Iauolenum
493 2470 524 2526 61
550 2466 709 2525 Neratium
735 2466 853 2544 laudat,
880 2469 1011 2528 Fulcinii
1035 2481 1083 2525 sen·

93 2557 201 2614 tentiae
227 2559 257 2614 et
275 2555 360 2614 libris
379 2557 417 2613 ad
437 2554 581 2614 Sabinum
600 2557 631 2614 61
649 2557 686 2613 ad
705 2555 844 2633 edictum,
867 2556 1003 2617 Iauoleni
1015 2549 1080 2614 libris

93 2644 132 2702 ad
151 2644 294 2703 Sabinum
318 2644 435 2720 attulit,
460 2645 494 2702 de
514 2644 629 2720 Prisco,
653 2644 680 2702 si
703 2643 822 2721 quidem
841 2644 913 2704 libri
931 2645 1024 2706 nostri
1038 2635 1079 2700 fide

94 2732 177 2809 digni
196 2735 274 2807 sunt,
294 2736 324 2790 61
342 2732 427 2791 libris
447 2734 485 2790 ad
501 2731 645 2791 Sabinum
660 2727 709 2812 (Ι).
725 2735 753 2809 7,
769 2734 797 2805 8,
814 2734 864 2809 10,
881 2737 899 2791 2
921 2729 964 2795 ‘et
981 2733 1079 2793 Pascua

94 2823 124 2877 61
148 2819 291 2879 Neratius
319 2812 453 2902 putant’)
482 2823 513 2879 et
539 2821 616 2879 libro
641 2820 785 2898 singulari
811 2820 997 2897 Regularum
1019 2813 1078 2879 dicit

96 2907 147 2965 sed
165 2927 219 2983 pro
240 2903 383 2968 ‘Priscus'
405 2909 459 2968 illo
479 2909 544 2968 loco
563 2909 726 2968 Mommsen
745 2928 812 2966 cum
831 2909 983 2987 Stephano
1000 2905 1078 2987 potu

94 2990 261 3055 ‘Proculus'
293 2998 451 3074 legendum
480 3015 545 3056 esse
573 3001 686 3069 censet,
714 2996 792 3072 quod
822 2997 961 3078 Krueger
987 3020 1014 3075 p.
1033 2991 1077 3054 162

93 3105 121 3143 n.
148 3087 209 3145 126
243 3087 378 3162 quamvis
411 3086 584 3145 dubitanter
619 3087 734 3161 probat.
789 3090 821 3144 at
858 3107 928 3146 oum
959 3082 1080 3146 Nerati11⁸

94 3193 209 3251 quoque
228 3174 259 3232 in
274 3175 494 3249 Responsorum
513 3174 597 3232 libris
613 3174 782 3233 Fulcinium
799 3175 972 3236 laudaverit
985 3169 1032 3254 (D.
1043 3170 1080 3242 39,

96 3265 123 3335 6,
143 3255 214 3343 43),
242 3262 306 3320 fieri
329 3265 441 3337 potest,
468 3265 503 3321 ut
531 3263 583 3321 illo
608 3281 725 3339 quoque
749 3263 813 3322 loco
835 3263 980 3325 Neratius
1001 3256 1081 3323 Fulci-

93 3350 175 3409 nium
204 3354 235 3410 et
262 3350 429 3408 laudaverit
461 3355 491 3409 ot
522 3354 642 3410 secutus
671 3351 718 3410 sit.
769 3354 903 3412 ceterum
926 3354 965 3415 ⁴de
994 3347 1082 3418 1111611,

94 3439 130 3498 de
159 3459 219 3515 qua
249 3439 280 3497 in
308 3439 403 3497 altero
431 3438 554 3514 Ulpiani
581 3441 749 3514 fragmento
779 3433 925 3502 ‘Priscus'
952 3442 1034 3514 dixit,
1060 3435 1084 3494 ill

93 3526 222 3586 Fulcinii
245 3527 364 3602 quidam
386 3527 562 3604 fragmentis
586 3527 659 3585 nihil
682 3526 776 3587 tradit
815 3577 821 3588 .
