2422 3976
519 184 797 241 ADDITAMENTA.

381 366 431 432 De
453 368 640 448 adpuiueudo
662 387 767 431 rerum
790 367 936 433 douiuio.
974 431 978 441 ,

243 490 385 557 136111.
415 493 445 573 2,
474 492 525 557 95.
556 528 593 538 -
704 491 801 574 vulgo
831 489 948 556 dieitur
979 513 1038 574 per
1065 495 1159 556 extre·

151 603 247 645 neam
271 601 443 662 personam
467 579 559 644 nobis
585 579 712 662 adquiri
735 601 799 642 non
823 601 928 662 posse.

243 669 292 733 19.
321 667 389 732 Gai.
418 668 452 746 2,
482 669 532 733 70.
560 704 604 714 —
632 718 659 732 ..
690 668 820 753 ,vulgo
848 667 969 733 dieitur
997 690 1056 752 per
1082 669 1162 732 edlu-

152 757 280 822 vionem
308 757 341 820 id
365 757 448 821 adici
472 757 572 821 videri
596 756 680 840 quod
704 756 751 820 ita
773 757 932 840 paulatim
957 757 1109 840 adicitur,
1130 762 1163 821 ut

151 846 262 910 oeulos
285 849 415 909 nostros
438 845 541 910 fallat.

396 1021 447 1087 De
465 1023 653 1104 possessione
675 1027 703 1086 ei
724 1023 917 1103 usucapione.

245 1147 295 1211 20.
319 1146 358 1211 D.
381 1146 434 1229 43,
460 1147 509 1231 16,
530 1148 559 1232 1,
577 1147 628 1212 25.
664 1144 822 1228 Ulpianus
840 1145 925 1210 libro
945 1148 1167 1233 sexagensimo

152 1257 238 1299 nono
272 1234 312 1298 ad
346 1236 493 1299 edietum.
534 1272 571 1281 -
611 1287 647 1301 ..
680 1236 777 1318 volgo
815 1234 932 1299 dieitur
969 1237 1166 1302 aestivorum

154 1324 425 1408 hibernorumque
440 1325 582 1388 saltuum
596 1345 655 1388 nos
670 1324 891 1407 possessiones
902 1325 1011 1389 animo
1022 1325 1168 1391 retinere.

243 1412 295 1478 21.
328 1411 396 1476 Gai.
429 1412 460 1496 4,
493 1412 566 1478 153.
595 1449 639 1458 -
757 1411 855 1496 vulgo
886 1411 1005 1477 dieitur
1038 1415 1169 1479 retineri

152 1500 394 1584 possessionem
413 1523 508 1586 posse
526 1523 584 1584 per
607 1501 792 1584 quemlibet,
819 1501 873 1584 qui
897 1505 1012 1567 nostro
1038 1504 1168 1567 nomine

154 1590 199 1654 sit
220 1590 254 1652 in
277 1592 491 1673 possessione.

242 1679 294 1742 22.
322 1677 391 1742 Gai.
419 1679 449 1761 2,
476 1679 528 1742 49.
562 1715 598 1725 —
703 1678 797 1760 vulgo
826 1678 942 1744 dieitur
972 1679 1165 1745 furtivorum

153 1787 259 1829 rerum
283 1770 315 1829 et
337 1767 370 1830 vi
393 1788 616 1851 possessarum
638 1765 866 1851 usucapionem
890 1789 948 1852 per
970 1769 1079 1853 legem
1107 1768 1167 1833 XII

153 1854 337 1918 tabularum
360 1856 558 1937 prohibitam
581 1877 659 1920 esse.

243 1944 293 2008 23.
318 1942 356 2006 D.
380 1944 432 2026 41,
456 1944 561 2029 4,11.
598 1944 770 2009 Africanus
792 1944 876 2008 libro
901 1945 1043 2030 septimo
1068 1945 1166 2021 Quae·

154 2031 304 2097 stionum.
330 2069 368 2080 -
393 2082 422 2096 ..
447 2032 545 2117 volgo
568 2032 722 2097 traditum
746 2036 796 2096 est
818 2054 901 2116 eum,
925 2035 981 2117 qui
1001 2035 1166 2099 existimet

154 2143 187 2184 se
220 2122 296 2204 quid
320 2122 436 2184 emisse
460 2143 519 2185 neo
553 2121 676 2207 emerit,
707 2143 772 2184 non
805 2142 900 2203 posse
933 2144 993 2204 pro
1025 2129 1165 2207 emptore

154 2232 336 2291 usucapere.

242 2300 293 2363 24.
318 2298 387 2381 Gai,
411 2299 440 2381 2,
464 2300 515 2362 61.
542 2335 578 2344 -
680 2299 776 2382 vulgo
808 2299 926 2362 dieitur
955 2322 995 2364 ex
1023 2301 1165 2385 praedia·

153 2391 227 2449 tura
249 2387 488 2468 possessionem
512 2410 571 2450 usu
590 2387 696 2469 recipi.

512 2564 562 2628 De
585 2565 807 2629 deuotionibus.

244 2687 294 2751 25.
319 2687 357 2750 D.
382 2689 433 2770 39,
457 2689 486 2770 6,
510 2688 562 2767 35,
583 2690 611 2753 2.
649 2688 768 2752 Paulus
788 2689 870 2752 libro
891 2694 983 2754 sexto
1004 2690 1045 2754 ad
1065 2692 1161 2774 legem

154 2775 269 2838 iulium
300 2781 331 2839 et
353 2776 496 2858 Papiam.
523 2814 560 2822 -
587 2828 620 2841 ..
645 2778 757 2841 mortis
786 2799 883 2841 eausa
912 2779 1045 2843 donatio
1074 2780 1162 2862 longe

155 2864 262 2927 differt
291 2865 331 2927 ab
360 2865 418 2929 illa
445 2887 521 2929 vera
549 2869 581 2928 et
606 2866 754 2930 absoluto
778 2867 952 2930 donatione
1053 2868 1162 2932 ethos

155 2956 204 3015 est
229 2975 327 3034 quare
351 2954 448 3038 vulgo
474 2954 607 3019 dicatur:
636 2977 668 3017 se
692 2955 798 3036 potius
822 2955 942 3018 habere
966 2957 1048 3038 vult,
1073 2977 1160 3040 quam

155 3064 227 3104 eum
262 3043 312 3104 oui
346 3043 454 3126 donat,
485 3043 575 3106 illum
605 3043 718 3106 deinde
746 3045 854 3126 potius
889 3066 986 3126 quam
1021 3046 1160 3109 heredem

155 3152 255 3193 suum.

500 3238 549 3302 De
572 3239 772 3302 servitutibus

245 3362 297 3425 26.
326 3360 364 3424 D.
394 3362 423 3445 8,
449 3365 477 3443 1,
503 3364 550 3426 11.
597 3361 797 3426 Modestinus
831 3363 915 3427 libro
949 3370 1041 3430 sexto
1073 3363 1158 3428 Diffe-

153 3450 338 3513 rentiurum.
370 3487 411 3494 —
439 3450 501 3514 Pro
533 3455 624 3534 parte
657 3450 788 3514 dominii
822 3453 1013 3517 servitutem
1044 3450 1157 3536 adquiri

154 3558 220 3599 non
244 3559 339 3619 posse
363 3539 460 3622 volgo
484 3541 630 3604 traditur.
