2422 3976
150 183 215 248 256
240 183 286 238 IV.
305 181 524 238 VESPASIANI
537 182 610 236 TITI
624 181 819 239 DOMITIANI
832 181 941 241 ΤΕΜΡ.
955 180 1053 238 Iuste
1068 182 1171 240 DONS.

151 346 312 411 dicionem
351 344 483 411 Cassius
520 352 552 411 et
589 344 718 412 Caelius
755 345 896 412 Sabinus
933 345 1172 430 impossibilem

151 456 221 500 esse
246 435 409 514 dixerunt,
432 435 534 501 veluti
558 433 769 520 ‘Pamphilus
792 434 820 499 si
843 434 930 520 quod
954 435 1042 501 Titio
1069 435 1171 502 debeo

152 522 297 607 solverit,
320 523 404 588 liber
427 523 518 609 esto',
542 525 570 589 si
593 524 689 589 modo
711 524 794 588 nihil
814 523 902 589 Titio
924 524 989 589 fuit
1010 524 1172 610 debitum3

152 612 237 696 quod
266 613 294 676 si
321 616 398 696 post
424 617 657 678 testamentum
684 611 807 678 factum
833 615 973 678 testator
1000 615 1171 697 pecuniam

152 702 302 785 exsolvit,
325 701 479 766 defecisse
503 702 723 767 condicionem
746 702 903 788 intellegi.

285 858 336 926 De
357 860 600 944 (mancipatione
621 863 664 946 ct)
685 863 836 946 emptione
857 862 1037 928 venditione.

241 968 270 1033 5.
302 965 373 1033 Gai.
387 968 417 1052 3,
433 968 505 1032 141.
529 1005 572 1014 -
597 968 689 1032 ..ait
712 965 840 1033 Caelius
864 955 1076 1054 Sabinus,'si
1103 991 1169 1034 rem

151 1057 214 1122 tibi
241 1057 387 1122 venalem
415 1056 563 1141 habenti,
595 1057 696 1121 veluti
726 1056 862 1121 fundum
889 1056 1091 1142 <acceperim
1118 1058 1169 1143 et>

151 1146 249 1230 pretii
271 1146 403 1210 nomine
424 1144 588 1209 hominem
608 1145 690 1211 forte
710 1145 863 1230 dederim,
885 1145 1022 1212 fundum
1042 1147 1167 1232 quidem

152 1235 255 1299 videri
282 1235 422 1317 venisse,
450 1234 614 1298 hominem
642 1238 749 1299 autern
776 1234 875 1319 pretii
900 1236 1034 1301 nomine
1059 1236 1165 1302 datum

152 1345 236 1407 csse,
260 1328 297 1388 ut
318 1322 438 1387 fundus
463 1323 670 1406 acciperetur.

516 1482 575 1548 De¹
589 1484 658 1548 iore
679 1484 807 1548 dotium.

242 1588 285 1653 6?
308 1586 348 1652 D.
362 1589 416 1674 24,
430 1592 459 1673 1,
474 1589 537 1656 64.⁸
561 1588 736 1655 Iavolenus
757 1590 842 1654 libro
866 1593 955 1655 sexto
975 1612 1015 1656 ex
1033 1589 1158 1676 posteri·

153 1677 264 1742 oribus
278 1673 449 1743 Labeonis.
462 1714 507 1724 -
520 1676 582 1743 Vir
599 1679 725 1744 mulieri
744 1678 883 1744 divortio
902 1678 991 1744 facto
1010 1679 1157 1764 quaedam

152 1764 272 1830 idcirco
297 1765 439 1850 dederat,
462 1770 498 1831 ut
522 1767 561 1832 ad
586 1789 620 1832 se
643 1771 863 1835 reverteretur.
900 1768 1018 1834 mulier
1039 1786 1156 1835 reverse

153 1858 238 1933 erat,
266 1854 381 1919 deinde
408 1855 585 1920 divortium
612 1857 744 1921 fecerat.
790 1879 988 1922 ...verum
1012 1851 1154 1942 estquod

153 1941 308 2007 Proculus
337 1946 371 2007 et
396 1941 557 2009 Caecilius
582 1940 764 2032 (Caelins‘i)
792 1949 924 2029 putant,
951 1950 1030 2012 tunc
1058 1962 1153 2010 vernn

154 2054 225 2096 csse
259 2031 446 2097 divortium
466 2037 499 2097 et
531 2034 638 2098 valere
671 2033 878 2098 donationem
910 2035 1042 2100 divortii
1072 2050 1152 2100 conss

153 2120 285 2205 factam,
309 2121 336 2185 si
360 2122 443 2185 aliae
466 2122 600 2206 nuptiae
622 2123 787 2187 insecutae
810 2126 887 2187 sunt
906 2127 962 2188 aut
981 2127 1050 2188 tam
1069 2123 1150 2204 longo

154 2215 300 2294 tempore
328 2210 425 2274 vidua
452 2210 582 2293 fnisset,
610 2216 647 2274 ut
675 2210 809 2276 dubium
835 2233 901 2276 non
924 2211 1008 2278 foret
1031 2214 1148 2277 alterum

155 2320 225 2364 esse
253 2299 508 2384 matrimoninm3
538 2299 618 2364 alias
646 2322 705 2364 nec
734 2299 941 2366 donationem
968 2302 1067 2366 ullius
1094 2315 1149 2364 esso

155 2389 310 2453 momenti
333 2388 487 2452 futuram.

383 2686 450 2769 10.
478 2693 740 2766 ruvnumue
770 2693 945 2806 oeneus

243 2835 277 2894 P.
300 2836 432 2896 Iuventii
456 2835 536 2896 Celsi
563 2837 695 2896 consulis
723 2839 792 2897 anni
818 2841 880 2898 129
904 2842 1000 2914 puter,
1023 2837 1148 2898 iuriscon-

156 2924 266 3002 sultus,
292 2925 343 3000 qui
366 2944 426 2985 non
448 2924 534 2985 libris
558 2926 721 2985 scribendis
745 2926 797 2986 sed
819 2929 940 2987 tantum
962 2921 1148 3005 respondendo

156 3031 277 3089 oporam
305 3013 400 3087 dedit,
429 3032 517 3091 quem
540 3014 682 3074 Duceuus
705 3016 802 3075 Verus
831 3017 937 3076 consul
964 3017 1035 3077 anni
1060 3007 1150 3075 incerti

154 3102 187 3160 in
216 3102 337 3162 oonsilio
363 3102 470 3163 habuit
494 3095 544 3185 (D.
561 3106 611 3180 31,
628 3096 750 3185 29pr.)‚
777 3104 1026 3166 Proculianorum
1049 3101 1150 3166 scholas

155 3194 225 3267 post
243 3191 395 3268 Pegasum
417 3192 555 3268 princeps
575 3185 625 3273 (D.
643 3194 671 3271 1,
687 3195 716 3270 2,
732 3196 760 3267 2,
776 3195 817 3254 53
842 3187 970 3272 ‘Pegaso
991 3186 1102 3255 Oelsus'
1120 3205 1149 3248 00.

156 3277 325 3360 successit),
355 3299 443 3356 quem
468 3281 547 3340 filius
572 3285 696 3356 epatre
720 3282 885 3342 instructus
909 3279 960 3360 (D.
976 3286 1028 3363 31,
1043 3273 1096 3364 20)
1116 3293 1149 3338 se

156 3372 242 3428 cutus
262 3371 307 3428 est
326 3360 377 3449 (D.
392 3368 464 3428 ibid.
486 3365 576 3444 ‘patri
595 3368 682 3429 Celso
702 3369 806 3430 Celsus
825 3365 942 3454 filius’).
979 3371 1150 3449 posteriores,

156 3458 207 3534 qui
229 3457 285 3515 filii
307 3456 443 3533 inprimis
464 3458 656 3536 Digestorum
678 3459 765 3519 libris
788 3460 835 3519 usi
856 3465 936 3539 sunt,
959 3462 1037 3522 hunc
1055 3452 1150 3532 simpli·

156 3547 231 3605 citor
263 3538 407 3605 ‘Celsum'
439 3549 488 3608 vel
520 3540 704 3607 ‘Iuventium
737 3543 869 3608 Celsum’
903 3551 1075 3629 designaut,
1104 3559 1150 3605 nou
