2422 3976
445 153 469 205 ’1.
488 146 676 206 PROOULUS
1002 152 1065 218 143

60 311 188 394 proinde
210 333 283 378 esse
306 314 403 397 atque
427 312 455 376 si
477 313 622 397 legatum
645 335 711 379 non
730 317 823 379 esset.
861 312 971 381 Nerva
989 337 1066 381 vero

61 403 90 464 at
108 400 266 467 Proculus
375 422 442 466 non
464 401 561 466 aliter
583 405 702 487 putant
723 424 791 468 rom
813 404 964 490 legatarii
986 403 1066 487 fieri,

63 510 149 572 qnam
173 490 203 555 si
227 489 369 555 voluerit
392 511 462 555 eam
486 490 527 554 ad
550 512 584 555 se
608 492 778 575 pertinere.

142 600 208 662 Gai.
237 599 333 662 addit:
365 594 431 661 ‘sed
461 602 549 662 hodie
582 621 618 662 ex
648 602 712 664 divi
741 602 790 662 Pii
820 603 965 664 Antonini
996 622 1065 664 con·

63 689 286 856 aintqfiqpeqhqc
301 690 399 768 magis
412 691 477 750 iure
491 691 538 751 uti
551 690 689 752 videmur
703 692 784 770 quod
796 691 923 754 Proculo
937 693 1065 770 placuit3

337 896 382 951 De
399 897 486 968 lepoto
499 913 552 967 per
569 898 778 953 damnationem.

144 1005 195 1071 15.
223 1003 263 1070 D.
277 1006 331 1088 30,
346 1008 396 1088 12,
412 1007 441 1070 1.
486 1005 685 1091 Pomponius
713 1006 797 1072 libro
822 1007 919 1072 tertio
943 1008 983 1070 ad
1007 1004 1065 1071 Sa-

68 1089 163 1158 binum
188 1090 238 1182 (P.
251 1090 342 1182 420).
368 1130 406 1141 -
432 1093 589 1160 Proculus
616 1096 675 1179 ait,
703 1096 731 1159 si
755 1095 826 1181 quia
850 1117 961 1160 servos
984 1116 1065 1180 qnos

10 1256 14 1268 ‚
71 1175 200 1247 Gadibus
223 1182 360 1248 haberat
382 1205 419 1248 eo
443 1187 648 1268 testamento,
671 1183 758 1268 quod
777 1184 901 1249 Romae
923 1185 1064 1250 moriens

10 1327 12 1354 ,
69 1265 178 1356 lecerit,
201 1271 310 1337 triduo
333 1294 398 1358 quo
421 1276 569 1338 mortuus
593 1273 691 1338 luerit
712 1272 864 1338 heredem
887 1272 962 1337 dare
984 1271 1066 1337 mihi

71 1355 265 1445 damnaverit,
287 1365 396 1426 ratum
416 1382 485 1426 esse
503 1363 651 1449 legatum
670 1365 703 1427 et
722 1362 889 1449 angustias
907 1361 1064 1445 temporis

10 1497 12 1533 ,
69 1444 132 1513 nibil
153 1449 263 1534 legato
285 1471 409 1516 nocere.

10 1541 13 1551 '
138 1560 619 1640 aeneasannos.

330 1729 375 1786 Dc
393 1731 480 1802 leonto
494 1748 545 1801 per
558 1732 783 1802 praeceptionem.

141 1841 192 1906 16.
226 1839 297 1905 Gai.
311 1841 431 1927 2221.
461 1877 499 1887 —-
530 1890 560 1907 ..
588 1841 733 1907 diversae
760 1841 890 1908 scholae
918 1847 1064 1908 auctores

68 1932 169 2008 putant
192 1930 292 1995 ctiam
317 1933 470 1995 extraneo
493 1951 551 2013 por
570 1931 831 2016 praeceptionem
849 1931 950 2015 legari
968 1952 1063 2016 posse

66 2017 186 2096 proinde
211 2040 249 2083 ac
273 2016 302 2083 si
323 2019 371 2083 ita
394 2018 567 2084 scribatur:
591 2017 707 2084 ‘Titius
730 2019 892 2085 hominem
917 2018 1064 2085 Stichum

66 2106 180 2191 capito',
205 2128 407 2192 supervacua
425 2107 552 2172 adiecta
570 2106 670 2191 ‘prae'
690 2109 829 2193 syllaba3
852 2109 986 2192 ideoque
1005 2130 1064 2193 per

65 2193 303 2262 vindicationem
327 2217 397 2260 eam
421 2218 488 2260 rem
511 2197 655 2280 legatam
679 2197 788 2263 videri.

336 2413 385 2474 Dc
407 2416 545 2474 bonorum
562 2418 651 2488 pane
673 2415 776 2488 lopoto.

139 2534 204 2598 17⁸.
240 2532 281 2599 D.
300 2532 354 2618 28,
371 2530 403 2617 5,
421 2533 452 2620 9,
470 2533 501 2600 3.
554 2531 714 2618 Ulpianus
750 2533 835 2597 libro
873 2532 986 2616 quinto
1023 2532 1064 2595 ad

56 2617 204 2687 Sabinum
234 2620 282 2705 (P.
305 2620 433 2707 24600).
463 2658 507 2668 -
535 2671 568 2687 ..
598 2622 626 2685 si
654 2622 811 2686 maiorem
839 2617 896 2707 (sc.
920 2618 1062 2708 partem)

54 2709 259 2794 adscripserit
277 2711 537 2775 testamentarius
551 2710 613 2794 rel,
633 2709 717 2793 quod
736 2709 900 2775 difficilius
920 2714 970 2775 est
987 2733 1064 2794 pro-

52 2800 196 2883 batione,
226 2799 297 2885 ipso
330 2803 480 2883 testator,
514 2802 552 2863 ut
584 2821 643 2884 pro
676 2799 853 2884 quadrante
885 2799 1063 2879 semissem,

49 2885 203 2955 Proculus
225 2891 321 2972 putat
348 2909 387 2953 ex
415 2889 592 2973 quadrante
621 2887 689 2952 fore
717 2888 880 2971 heredem,
910 2890 1062 2973 qnoniam

48 2976 133 3045 inest
155 2978 318 3064 quadrans
341 2978 376 3040 in
400 2978 541 3042 nemisse.

137 3064 205 3133 lib.
229 3063 270 3133 D.
280 3066 332 3148 30,
345 3065 439 3150 15pr.
479 3064 600 3130 Paulus
623 3066 707 3130 libro
727 3065 824 3130 tertio
844 3065 885 3130 ad
905 3064 1062 3131 Sabinum

48 3152 96 3242 (P.
116 3152 229 3242 1638).
258 3189 297 3202 -
328 3152 389 3228 Qui
423 3157 571 3238 quartam
604 3157 729 3237 partem
761 3155 920 3219 bonorum
951 3155 1062 3239 legare

46 3245 165 3329 voluit,
195 3243 362 3308 dimidiam
390 3244 529 3328 scripsit.
575 3242 729 3308 Proculus
757 3292 787 3308 ..
817 3243 863 3307 ait
888 3264 984 3327 posse
1008 3241 1062 3304 de-

46 3333 132 3399 fendi
157 3336 309 3419 quartam
332 3333 488 3417 legatam,
511 3331 588 3415 quia
610 3333 731 3396 inesset
754 3332 915 3396 dimidiae.

137 3423 189 3489 18.
212 3421 252 3487 D.
267 3421 320 3503 30,
334 3421 386 3504 26,
400 3422 430 3485 2.
475 3420 673 3504 Pomponius
697 3421 780 3486 libro
804 3421 917 3504 quinto
942 3419 981 3481 ad
1005 3418 1059 3483 Sa·

46 3512 159 3578 binum
178 3506 330 3596 (P.448).
346 3547 390 3556 -
409 3508 491 3575 Cum
509 3511 668 3575 bonorum
688 3513 780 3594 parte
799 3509 908 3593 legata
926 3507 1061 3571 dubium
