<?xml version="1.0" encoding="UTF-8"?>
<!DOCTYPE html PUBLIC "-//W3C//DTD XHTML 1.0 Transitional//EN"
    "http://www.w3.org/TR/xhtml1/DTD/xhtml1-transitional.dtd">
<html xmlns="http://www.w3.org/1999/xhtml" xml:lang="en" lang="en">
 <head>
  <title>
</title>
<meta http-equiv="Content-Type" content="text/html;charset=utf-8" />
  <meta name='ocr-system' content='tesseract 3.04.00' />
  <meta name='ocr-capabilities' content='ocr_page ocr_carea ocr_par ocr_line ocrx_word'/>
</head>
<body>
  <div class='ocr_page' id='page_1' title='image "./iurisprudentiae01bremgoog_0546.png"; bbox 0 0 2422 3976; ppageno 0'>
   <div class='ocr_carea' id='block_1_1' title="bbox 243 204 1074 270">
    <p class='ocr_par' dir='ltr' id='par_1_1' title="bbox 243 204 1074 270">
     <span class='ocr_line' id='line_1_1' title="bbox 243 204 1074 270; baseline 0 -8"><span class='ocrx_word' id='word_1_1' title='bbox 243 206 265 262; x_wconf 89' lang='lat' dir='ltr'><strong>L</strong></span> <span class='ocrx_word' id='word_1_2' title='bbox 286 205 460 261; x_wconf 80' lang='lat' dir='ltr'>VETERUM</span> <span class='ocrx_word' id='word_1_3' title='bbox 480 205 710 262; x_wconf 75' lang='lat' dir='ltr'>snuunnnlan</span> <span class='ocrx_word' id='word_1_4' title='bbox 730 205 776 259; x_wconf 81' lang='grc' dir='ltr'>ΕΤ</span> <span class='ocrx_word' id='word_1_5' title='bbox 795 204 900 260; x_wconf 86' lang='lat' dir='ltr'><strong>LIBRI.</strong></span> <span class='ocrx_word' id='word_1_6' title='bbox 1011 206 1074 270; x_wconf 80' lang='lat'>511</span> 
     </span>
    </p>
   </div>
   <div class='ocr_carea' id='block_1_2' title="bbox 10 369 1078 1500">
    <p class='ocr_par' dir='ltr' id='par_1_2' title="bbox 57 369 1078 810">
     <span class='ocr_line' id='line_1_2' title="bbox 58 369 1076 454; baseline 0 -19"><span class='ocrx_word' id='word_1_7' title='bbox 58 392 135 435; x_wconf 91' lang='lat' dir='ltr'>eum</span> <span class='ocrx_word' id='word_1_8' title='bbox 171 369 277 435; x_wconf 86' lang='lat' dir='ltr'>teneri</span> <span class='ocrx_word' id='word_1_9' title='bbox 307 369 437 453; x_wconf 83' lang='lat' dir='ltr'>debere,</span> <span class='ocrx_word' id='word_1_10' title='bbox 470 369 598 454; x_wconf 88' lang='lat' dir='ltr'>qnando</span> <span class='ocrx_word' id='word_1_11' title='bbox 628 370 709 433; x_wconf 87' lang='lat' dir='ltr'>haee</span> <span class='ocrx_word' id='word_1_12' title='bbox 739 370 898 453; x_wconf 78' lang='lat' dir='ltr'>generalis</span> <span class='ocrx_word' id='word_1_13' title='bbox 931 370 1076 454; x_wconf 81' lang='lat' dir='ltr'>exceptio</span> 
     </span>
     <span class='ocr_line' id='line_1_3' title="bbox 57 457 1078 543; baseline -0.001 -19"><span class='ocrx_word' id='word_1_14' title='bbox 57 480 128 524; x_wconf 90' lang='lat' dir='ltr'>non</span> <span class='ocrx_word' id='word_1_15' title='bbox 167 457 210 523; x_wconf 87' lang='lat' dir='ltr'>ad</span> <span class='ocrx_word' id='word_1_16' title='bbox 247 480 283 524; x_wconf 87' lang='lat' dir='ltr'>ea</span> <span class='ocrx_word' id='word_1_17' title='bbox 318 459 478 543; x_wconf 90' lang='lat' dir='ltr'>pertinere</span> <span class='ocrx_word' id='word_1_18' title='bbox 515 457 642 541; x_wconf 87' lang='lat' dir='ltr'>debeat,</span> <span class='ocrx_word' id='word_1_19' title='bbox 683 480 765 541; x_wconf 87' lang='lat' dir='ltr'>quae</span> <span class='ocrx_word' id='word_1_20' title='bbox 802 459 911 522; x_wconf 88' lang='lat' dir='ltr'>vendit</span> <span class='ocrx_word' id='word_1_21' title='bbox 898 463 948 523; x_wconf 88' lang='lat' dir='ltr'>tor</span> <span class='ocrx_word' id='word_1_22' title='bbox 986 460 1078 523; x_wconf 86' lang='lat' dir='ltr'>novit</span> 
     </span>
     <span class='ocr_line' id='line_1_4' title="bbox 10 546 1076 633; baseline -0.001 -20.95"><span class='ocrx_word' id='word_1_23' title='bbox 10 568 212 633; x_wconf 58' lang='lat' dir='ltr'>qmeeque</span> <span class='ocrx_word' id='word_1_24' title='bbox 239 547 421 631; x_wconf 86' lang='lat' dir='ltr'>specialiter</span> <span class='ocrx_word' id='word_1_25' title='bbox 452 546 595 630; x_wconf 82' lang='lat' dir='ltr'>excipere</span> <span class='ocrx_word' id='word_1_26' title='bbox 624 550 656 612; x_wconf 88' lang='lat' dir='ltr'>et</span> <span class='ocrx_word' id='word_1_27' title='bbox 678 569 719 629; x_wconf 95' lang='lat' dir='ltr'>po</span> <span class='ocrx_word' id='word_1_28' title='bbox 722 547 842 611; x_wconf 89' lang='lat' dir='ltr'>tuitet</span> <span class='ocrx_word' id='word_1_29' title='bbox 828 548 996 624; x_wconf 87' lang='lat' dir='ltr'>ttdebea‚</span> <span class='ocrx_word' id='word_1_30' title='bbox 1021 547 1076 611; x_wconf 89' lang='lat' dir='ltr'>sed</span> 
     </span>
     <span class='ocr_line' id='line_1_5' title="bbox 10 635 1077 723; baseline -0.001 -21.949"><span class='ocrx_word' id='word_1_31' title='bbox 10 636 101 701; x_wconf 84' lang='lat' dir='ltr'>ad</span> <span class='ocrx_word' id='word_1_32' title='bbox 122 658 164 701; x_wconf 85' lang='lat' dir='ltr'>ea</span> <span class='ocrx_word' id='word_1_33' title='bbox 181 657 266 723; x_wconf 85' lang='lat' dir='ltr'>quae</span> <span class='ocrx_word' id='word_1_34' title='bbox 284 635 448 721; x_wconf 80' lang='lat' dir='ltr'>ignoravit</span> <span class='ocrx_word' id='word_1_35' title='bbox 461 639 494 699; x_wconf 88' lang='lat' dir='ltr'>et</span> <span class='ocrx_word' id='word_1_36' title='bbox 511 636 550 700; x_wconf 88' lang='lat' dir='ltr'>de</span> <span class='ocrx_word' id='word_1_37' title='bbox 570 636 686 720; x_wconf 89' lang='lat' dir='ltr'>quibus</span> <span class='ocrx_word' id='word_1_38' title='bbox 707 640 883 718; x_wconf 85' lang='lat' dir='ltr'>emptorem</span> <span class='ocrx_word' id='word_1_39' title='bbox 903 637 1077 701; x_wconf 81' lang='lat' dir='ltr'>certiorare</span> 
     </span>
     <span class='ocr_line' id='line_1_6' title="bbox 62 726 218 810; baseline -0.007 -20"><span class='ocrx_word' id='word_1_40' title='bbox 62 726 218 810; x_wconf 82' lang='lat' dir='ltr'>nequivit.</span> 
     </span>
    </p>

    <p class='ocr_par' dir='ltr' id='par_1_3' title="bbox 10 811 1078 1500">
     <span class='ocr_line' id='line_1_7' title="bbox 152 811 1076 896; baseline -0.001 -17"><span class='ocrx_word' id='word_1_41' title='bbox 152 815 206 880; x_wconf 77' lang='lat'>27.</span> <span class='ocrx_word' id='word_1_42' title='bbox 226 811 264 877; x_wconf 90' lang='grc' dir='ltr'>Ι).</span> <span class='ocrx_word' id='word_1_43' title='bbox 278 812 327 890; x_wconf 89' lang='grc'>18,</span> <span class='ocrx_word' id='word_1_44' title='bbox 338 813 368 895; x_wconf 88' lang='grc'>6,</span> <span class='ocrx_word' id='word_1_45' title='bbox 379 813 447 895; x_wconf 88' lang='grc'><strong>1,4.</strong></span> <span class='ocrx_word' id='word_1_46' title='bbox 466 812 627 896; x_wconf 77' lang='lat' dir='ltr'>Ulpianus</span> <span class='ocrx_word' id='word_1_47' title='bbox 641 813 771 876; x_wconf 91' lang='lat' dir='ltr'>libro</span> <span class='ocrx_word' id='word_1_48' title='bbox 741 814 890 878; x_wconf 78' lang='lat' dir='ltr'>vicesimo</span> <span class='ocrx_word' id='word_1_49' title='bbox 905 818 1019 878; x_wconf 85' lang='lat' dir='ltr'>octavo</span> <span class='ocrx_word' id='word_1_50' title='bbox 1036 815 1076 878; x_wconf 86' lang='lat' dir='ltr'>ad</span> 
     </span>
     <span class='ocr_line' id='line_1_8' title="bbox 66 899 1076 968; baseline -0.001 0"><span class='ocrx_word' id='word_1_51' title='bbox 66 900 232 968; x_wconf 87' lang='lat' dir='ltr'>Sabinum.</span> <span class='ocrx_word' id='word_1_52' title='bbox 257 936 300 950; x_wconf 91' lang='lat'>-</span> <span class='ocrx_word' id='word_1_53' title='bbox 320 899 354 967; x_wconf 83' lang='lat' dir='ltr'>si</span> <span class='ocrx_word' id='word_1_54' title='bbox 377 902 497 967; x_wconf 90' lang='lat' dir='ltr'>doliare</span> <span class='ocrx_word' id='word_1_55' title='bbox 521 902 630 966; x_wconf 88' lang='lat' dir='ltr'>vinum</span> <span class='ocrx_word' id='word_1_56' title='bbox 654 902 769 965; x_wconf 89' lang='lat' dir='ltr'>emeris</span> <span class='ocrx_word' id='word_1_57' title='bbox 788 924 848 966; x_wconf 92' lang='lat' dir='ltr'>nec</span> <span class='ocrx_word' id='word_1_58' title='bbox 866 903 904 965; x_wconf 89' lang='lat' dir='ltr'>de</span> <span class='ocrx_word' id='word_1_59' title='bbox 920 903 1076 967; x_wconf 86' lang='lat' dir='ltr'>tradendo</span> 
     </span>
     <span class='ocr_line' id='line_1_9' title="bbox 66 990 1077 1075; baseline 0 -20"><span class='ocrx_word' id='word_1_60' title='bbox 66 1012 101 1057; x_wconf 88' lang='lat' dir='ltr'>eo</span> <span class='ocrx_word' id='word_1_61' title='bbox 134 991 308 1075; x_wconf 75' lang='lat' dir='ltr'>quiequam</span> <span class='ocrx_word' id='word_1_62' title='bbox 342 991 541 1072; x_wconf 85' lang='lat' dir='ltr'>convenerit,</span> <span class='ocrx_word' id='word_1_63' title='bbox 577 990 609 1053; x_wconf 89' lang='lat' dir='ltr'>id</span> <span class='ocrx_word' id='word_1_64' title='bbox 642 990 740 1054; x_wconf 86' lang='lat' dir='ltr'>videri</span> <span class='ocrx_word' id='word_1_65' title='bbox 774 996 894 1072; x_wconf 87' lang='lat' dir='ltr'>actum,</span> <span class='ocrx_word' id='word_1_66' title='bbox 932 996 968 1055; x_wconf 88' lang='lat' dir='ltr'>ut</span> <span class='ocrx_word' id='word_1_67' title='bbox 1001 995 1077 1055; x_wconf 82' lang='lat' dir='ltr'>ante</span> 
     </span>
     <span class='ocr_line' id='line_1_10' title="bbox 66 1078 1077 1163; baseline 0 -19"><span class='ocrx_word' id='word_1_68' title='bbox 66 1086 299 1145; x_wconf 79' lang='lat' dir='ltr'>evacuarentur</span> <span class='ocrx_word' id='word_1_69' title='bbox 322 1101 418 1163; x_wconf 82' lang='lat' dir='ltr'>quam</span> <span class='ocrx_word' id='word_1_70' title='bbox 439 1080 479 1143; x_wconf 87' lang='lat' dir='ltr'>ad</span> <span class='ocrx_word' id='word_1_71' title='bbox 498 1078 693 1143; x_wconf 83' lang='lat' dir='ltr'>vindemiam</span> <span class='ocrx_word' id='word_1_72' title='bbox 717 1101 815 1162; x_wconf 90' lang='lat' dir='ltr'>opera</span> <span class='ocrx_word' id='word_1_73' title='bbox 835 1101 942 1143; x_wconf 88' lang='lat' dir='ltr'>eorum</span> <span class='ocrx_word' id='word_1_74' title='bbox 967 1079 1077 1144; x_wconf 86' lang='lat' dir='ltr'>futura</span> 
     </span>
     <span class='ocr_line' id='line_1_11' title="bbox 65 1168 1077 1252; baseline -0.002 -18"><span class='ocrx_word' id='word_1_75' title='bbox 65 1172 106 1233; x_wconf 84' lang='lat' dir='ltr'>sit</span> <span class='ocrx_word' id='word_1_76' title='bbox 128 1168 325 1252; x_wconf 83' lang='lat' dir='ltr'>necessaria3</span> <span class='ocrx_word' id='word_1_77' title='bbox 354 1168 438 1250; x_wconf 89' lang='lat' dir='ltr'>quod</span> <span class='ocrx_word' id='word_1_78' title='bbox 464 1173 491 1232; x_wconf 89' lang='lat' dir='ltr'>si</span> <span class='ocrx_word' id='word_1_79' title='bbox 517 1189 583 1232; x_wconf 93' lang='lat' dir='ltr'>non</span> <span class='ocrx_word' id='word_1_80' title='bbox 612 1168 677 1231; x_wconf 89' lang='lat' dir='ltr'>sint</span> <span class='ocrx_word' id='word_1_81' title='bbox 704 1173 869 1252; x_wconf 82' lang='lat' dir='ltr'>evacuata,</span> <span class='ocrx_word' id='word_1_82' title='bbox 887 1168 1077 1252; x_wconf 83' lang='lat' dir='ltr'>faciendum,</span> 
     </span>
     <span class='ocr_line' id='line_1_12' title="bbox 66 1257 1076 1341; baseline -0.001 -19"><span class='ocrx_word' id='word_1_83' title='bbox 66 1257 148 1338; x_wconf 83' lang='lat' dir='ltr'>qnod</span> <span class='ocrx_word' id='word_1_84' title='bbox 191 1260 318 1323; x_wconf 85' lang='lat' dir='ltr'>veteres</span> <span class='ocrx_word' id='word_1_85' title='bbox 358 1260 561 1339; x_wconf 86' lang='lat' dir='ltr'>putaverunt,</span> <span class='ocrx_word' id='word_1_86' title='bbox 606 1279 664 1341; x_wconf 90' lang='lat' dir='ltr'>per</span> <span class='ocrx_word' id='word_1_87' title='bbox 705 1257 833 1320; x_wconf 88' lang='lat' dir='ltr'>corbem</span> <span class='ocrx_word' id='word_1_88' title='bbox 876 1258 1076 1321; x_wconf 88' lang='lat' dir='ltr'>venditorem</span> 
     </span>
     <span class='ocr_line' id='line_1_13' title="bbox 10 1344 1078 1429; baseline 0 -20"><span class='ocrx_word' id='word_1_89' title='bbox 10 1362 13 1381; x_wconf 80' lang='lat'><em>¹</em></span> <span class='ocrx_word' id='word_1_90' title='bbox 65 1366 251 1411; x_wconf 85' lang='lat' dir='ltr'>mensuram</span> <span class='ocrx_word' id='word_1_91' title='bbox 265 1344 370 1409; x_wconf 86' lang='lat' dir='ltr'>facere</span> <span class='ocrx_word' id='word_1_92' title='bbox 386 1350 419 1409; x_wconf 88' lang='lat' dir='ltr'>et</span> <span class='ocrx_word' id='word_1_93' title='bbox 432 1345 606 1428; x_wconf 80' lang='lat' dir='ltr'>effunder03</span> <span class='ocrx_word' id='word_1_94' title='bbox 628 1351 748 1410; x_wconf 88' lang='lat' dir='ltr'>veteres</span> <span class='ocrx_word' id='word_1_95' title='bbox 764 1346 848 1409; x_wconf 89' lang='lat' dir='ltr'>enim</span> <span class='ocrx_word' id='word_1_96' title='bbox 867 1345 925 1409; x_wconf 91' lang='lat' dir='ltr'>hoc</span> <span class='ocrx_word' id='word_1_97' title='bbox 944 1351 1078 1429; x_wconf 91' lang='lat' dir='ltr'>propter</span> 
     </span>
     <span class='ocr_line' id='line_1_14' title="bbox 66 1438 520 1500; baseline -0.004 -1"><span class='ocrx_word' id='word_1_98' title='bbox 66 1455 253 1500; x_wconf 85' lang='lat' dir='ltr'>mensuram</span> <span class='ocrx_word' id='word_1_99' title='bbox 276 1438 447 1498; x_wconf 85' lang='lat' dir='ltr'>suaserunt</span> <span class='ocrx_word' id='word_1_100' title='bbox 469 1485 520 1499; x_wconf 89' lang='lat'>...</span> 
     </span>
    </p>
   </div>
   <div class='ocr_carea' id='block_1_3' title="bbox 153 1610 1076 1820">
    <p class='ocr_par' dir='ltr' id='par_1_4' title="bbox 153 1610 1076 1820">
     <span class='ocr_line' id='line_1_15' title="bbox 465 1610 682 1676; baseline 0.005 -1"><span class='ocrx_word' id='word_1_101' title='bbox 465 1610 514 1676; x_wconf 88' lang='lat' dir='ltr'>De</span> <span class='ocrx_word' id='word_1_102' title='bbox 536 1612 682 1676; x_wconf 67' lang='lat' dir='ltr'>sociante.</span> 
     </span>
     <span class='ocr_line' id='line_1_16' title="bbox 153 1720 1076 1820; baseline 0.001 -20"><span class='ocrx_word' id='word_1_103' title='bbox 153 1735 206 1802; x_wconf 84' lang='lat'>28.</span> <span class='ocrx_word' id='word_1_104' title='bbox 235 1735 274 1802; x_wconf 87' lang='lat' dir='ltr'>n.</span> <span class='ocrx_word' id='word_1_105' title='bbox 300 1737 350 1816; x_wconf 88' lang='grc' dir='ltr'>ιι,</span> <span class='ocrx_word' id='word_1_106' title='bbox 377 1720 482 1818; x_wconf 66' lang='grc' dir='ltr'>ιιι,</span> <span class='ocrx_word' id='word_1_107' title='bbox 509 1737 558 1800; x_wconf 85' lang='lat'>18.</span> <span class='ocrx_word' id='word_1_108' title='bbox 586 1733 674 1799; x_wconf 71' lang='lat' dir='ltr'>luem</span> <span class='ocrx_word' id='word_1_109' title='bbox 703 1735 773 1820; x_wconf 68' lang='lat' dir='ltr'>(ses</span> <span class='ocrx_word' id='word_1_110' title='bbox 788 1733 965 1820; x_wconf 84' lang='lat' dir='ltr'>Ulpianus)</span> <span class='ocrx_word' id='word_1_111' title='bbox 993 1737 1076 1801; x_wconf 76' lang='lat' dir='ltr'>uero</span> 
     </span>
    </p>
   </div>
   <div class='ocr_carea' id='block_1_4' title="bbox 61 1824 1078 2177">
    <p class='ocr_par' dir='ltr' id='par_1_5' title="bbox 61 1824 1078 2177">
     <span class='ocr_line' id='line_1_17' title="bbox 61 1824 1078 1910; baseline -0.001 -21"><span class='ocrx_word' id='word_1_112' title='bbox 61 1825 255 1910; x_wconf 83' lang='lat' dir='ltr'>trigenaimo</span> <span class='ocrx_word' id='word_1_113' title='bbox 279 1824 320 1889; x_wconf 88' lang='lat' dir='ltr'>ad</span> <span class='ocrx_word' id='word_1_114' title='bbox 344 1825 490 1889; x_wconf 75' lang='lat' dir='ltr'>edictum,</span> <span class='ocrx_word' id='word_1_115' title='bbox 515 1861 556 1871; x_wconf 92' lang='lat'>—</span> <span class='ocrx_word' id='word_1_116' title='bbox 657 1826 741 1908; x_wconf 86' lang='lat' dir='ltr'>apud</span> <span class='ocrx_word' id='word_1_117' title='bbox 764 1828 887 1889; x_wconf 84' lang='lat' dir='ltr'>veteres</span> <span class='ocrx_word' id='word_1_118' title='bbox 909 1829 1078 1909; x_wconf 83' lang='lat' dir='ltr'>tractatur,</span> 
     </span>
     <span class='ocr_line' id='line_1_18' title="bbox 61 1913 1075 1997; baseline -0.002 -18"><span class='ocrx_word' id='word_1_119' title='bbox 61 1936 104 1979; x_wconf 86' lang='lat' dir='ltr'>an</span> <span class='ocrx_word' id='word_1_120' title='bbox 133 1913 241 1979; x_wconf 84' lang='lat' dir='ltr'>socius</span> <span class='ocrx_word' id='word_1_121' title='bbox 274 1914 418 1977; x_wconf 91' lang='lat' dir='ltr'>omnium</span> <span class='ocrx_word' id='word_1_122' title='bbox 450 1914 621 1996; x_wconf 89' lang='lat' dir='ltr'>bonorum,</span> <span class='ocrx_word' id='word_1_123' title='bbox 657 1916 683 1977; x_wconf 90' lang='lat' dir='ltr'>si</span> <span class='ocrx_word' id='word_1_124' title='bbox 711 1914 785 1997; x_wconf 92' lang='lat' dir='ltr'>quid</span> <span class='ocrx_word' id='word_1_125' title='bbox 815 1914 856 1977; x_wconf 93' lang='lat' dir='ltr'>ob</span> <span class='ocrx_word' id='word_1_126' title='bbox 884 1914 1075 1978; x_wconf 85' lang='lat' dir='ltr'>iniuriarum</span> 
     </span>
     <span class='ocr_line' id='line_1_19' title="bbox 61 2002 1075 2084; baseline -0.001 -17"><span class='ocrx_word' id='word_1_127' title='bbox 61 2005 225 2067; x_wconf 86' lang='lat' dir='ltr'>actionem</span> <span class='ocrx_word' id='word_1_128' title='bbox 254 2002 424 2066; x_wconf 82' lang='lat' dir='ltr'>damnatus</span> <span class='ocrx_word' id='word_1_129' title='bbox 457 2002 669 2084; x_wconf 88' lang='lat' dir='ltr'>praestiterit,</span> <span class='ocrx_word' id='word_1_130' title='bbox 702 2024 740 2066; x_wconf 89' lang='lat' dir='ltr'>ex</span> <span class='ocrx_word' id='word_1_131' title='bbox 773 2004 933 2066; x_wconf 89' lang='lat' dir='ltr'>communi</span> <span class='ocrx_word' id='word_1_132' title='bbox 966 2024 1075 2066; x_wconf 90' lang='lat' dir='ltr'>conse-</span> 
     </span>
     <span class='ocr_line' id='line_1_20' title="bbox 61 2094 415 2177; baseline -0.008 -20"><span class='ocrx_word' id='word_1_133' title='bbox 61 2094 182 2177; x_wconf 86' lang='lat' dir='ltr'>quatur</span> <span class='ocrx_word' id='word_1_134' title='bbox 204 2094 241 2154; x_wconf 90' lang='lat' dir='ltr'>ut</span> <span class='ocrx_word' id='word_1_135' title='bbox 263 2094 415 2174; x_wconf 86' lang='lat' dir='ltr'>praestet.</span> 
     </span>
    </p>
   </div>
   <div class='ocr_carea' id='block_1_5' title="bbox 59 2193 376 2278">
    <p class='ocr_par' dir='ltr' id='par_1_6' title="bbox 59 2193 376 2278">
     <span class='ocr_line' id='line_1_21' title="bbox 59 2193 376 2278; baseline -0.006 -24"><span class='ocrx_word' id='word_1_136' title='bbox 59 2274 62 2278; x_wconf 18' lang='grc' dir='ltr'>Ι</span> <span class='ocrx_word' id='word_1_137' title='bbox 151 2194 189 2254; x_wconf 87' lang='lat' dir='ltr'>cf.</span> <span class='ocrx_word' id='word_1_138' title='bbox 213 2193 228 2253; x_wconf 97' lang='lat' dir='ltr'>I</span> <span class='ocrx_word' id='word_1_139' title='bbox 249 2214 278 2269; x_wconf 91' lang='lat' dir='ltr'>p.</span> <span class='ocrx_word' id='word_1_140' title='bbox 303 2195 376 2254; x_wconf 78' lang='lat'><strong>206.</strong></span> 
     </span>
    </p>
   </div>
   <div class='ocr_carea' id='block_1_6' title="bbox 428 2328 715 2395">
    <p class='ocr_par' dir='ltr' id='par_1_7' title="bbox 428 2328 715 2395">
     <span class='ocr_line' id='line_1_22' title="bbox 428 2328 715 2395; baseline 0 0"><span class='ocrx_word' id='word_1_141' title='bbox 428 2328 477 2395; x_wconf 87' lang='lat' dir='ltr'>De</span> <span class='ocrx_word' id='word_1_142' title='bbox 500 2331 568 2394; x_wconf 80' lang='lat' dir='ltr'>inre</span> <span class='ocrx_word' id='word_1_143' title='bbox 590 2332 715 2395; x_wconf 74' lang='lat' dir='ltr'>dotieem.</span> 
     </span>
    </p>
   </div>
   <div class='ocr_carea' id='block_1_7' title="bbox 62 2453 1076 3052">
    <p class='ocr_par' dir='ltr' id='par_1_8' title="bbox 62 2453 1076 2964">
     <span class='ocr_line' id='line_1_23' title="bbox 151 2453 1075 2538; baseline -0.002 -18"><span class='ocrx_word' id='word_1_144' title='bbox 151 2455 205 2521; x_wconf 83' lang='lat'>29.</span> <span class='ocrx_word' id='word_1_145' title='bbox 228 2453 269 2520; x_wconf 88' lang='lat' dir='ltr'>D.</span> <span class='ocrx_word' id='word_1_146' title='bbox 296 2456 345 2538; x_wconf 89' lang='lat' dir='ltr'>ll,</span> <span class='ocrx_word' id='word_1_147' title='bbox 370 2455 470 2533; x_wconf 54' lang='lat'>216.</span> <span class='ocrx_word' id='word_1_148' title='bbox 493 2453 651 2537; x_wconf 86' lang='lat' dir='ltr'>Ulpianus</span> <span class='ocrx_word' id='word_1_149' title='bbox 666 2455 748 2519; x_wconf 89' lang='lat' dir='ltr'>libro</span> <span class='ocrx_word' id='word_1_150' title='bbox 769 2454 943 2518; x_wconf 88' lang='lat' dir='ltr'>vicensimo</span> <span class='ocrx_word' id='word_1_151' title='bbox 963 2453 1075 2537; x_wconf 91' lang='lat' dir='ltr'>quinto</span> 
     </span>
     <span class='ocr_line' id='line_1_24' title="bbox 62 2543 1076 2626; baseline -0.006 -16"><span class='ocrx_word' id='word_1_152' title='bbox 62 2543 103 2610; x_wconf 87' lang='lat' dir='ltr'>ad</span> <span class='ocrx_word' id='word_1_153' title='bbox 131 2544 282 2609; x_wconf 87' lang='lat' dir='ltr'>edictum.</span> <span class='ocrx_word' id='word_1_154' title='bbox 314 2580 362 2593; x_wconf 78' lang='lat'>-,</span> <span class='ocrx_word' id='word_1_155' title='bbox 382 2594 389 2608; x_wconf 90' lang='lat'><strong>.</strong></span> <span class='ocrx_word' id='word_1_156' title='bbox 409 2595 416 2607; x_wconf 93' lang='lat'><em>.</em></span> <span class='ocrx_word' id='word_1_157' title='bbox 437 2594 443 2608; x_wconf 92' lang='lat'>.</span> <span class='ocrx_word' id='word_1_158' title='bbox 468 2544 696 2626; x_wconf 85' lang='lat' dir='ltr'>aequissimum</span> <span class='ocrx_word' id='word_1_159' title='bbox 721 2595 727 2608; x_wconf 93' lang='lat'>.</span> <span class='ocrx_word' id='word_1_160' title='bbox 748 2594 754 2608; x_wconf 92' lang='lat'>.</span> <span class='ocrx_word' id='word_1_161' title='bbox 779 2544 883 2608; x_wconf 85' lang='lat' dir='ltr'>visum</span> <span class='ocrx_word' id='word_1_162' title='bbox 912 2548 961 2606; x_wconf 90' lang='lat' dir='ltr'>est</span> <span class='ocrx_word' id='word_1_163' title='bbox 988 2545 1076 2606; x_wconf 87' lang='lat' dir='ltr'>vete-</span> 
     </span>
     <span class='ocr_line' id='line_1_25' title="bbox 63 2631 1075 2716; baseline -0.004 -19"><span class='ocrx_word' id='word_1_164' title='bbox 63 2632 163 2715; x_wconf 85' lang='lat' dir='ltr'>ribus,</span> <span class='ocrx_word' id='word_1_165' title='bbox 183 2631 332 2697; x_wconf 89' lang='lat' dir='ltr'>mulieres</span> <span class='ocrx_word' id='word_1_166' title='bbox 352 2632 445 2716; x_wconf 86' lang='lat' dir='ltr'>quasi</span> <span class='ocrx_word' id='word_1_167' title='bbox 464 2632 502 2696; x_wconf 92' lang='lat' dir='ltr'>de</span> <span class='ocrx_word' id='word_1_168' title='bbox 520 2633 724 2715; x_wconf 79' lang='lat' dir='ltr'>patrimoniis</span> <span class='ocrx_word' id='word_1_169' title='bbox 745 2633 812 2697; x_wconf 92' lang='lat' dir='ltr'>suis</span> <span class='ocrx_word' id='word_1_170' title='bbox 831 2632 877 2696; x_wconf 87' lang='lat' dir='ltr'>ita</span> <span class='ocrx_word' id='word_1_171' title='bbox 892 2631 929 2695; x_wconf 89' lang='lat' dir='ltr'>de</span> <span class='ocrx_word' id='word_1_172' title='bbox 946 2631 1075 2694; x_wconf 88' lang='lat' dir='ltr'>dotibus</span> 
     </span>
     <span class='ocr_line' id='line_1_26' title="bbox 62 2721 1076 2805; baseline -0.005 -18"><span class='ocrx_word' id='word_1_173' title='bbox 62 2721 206 2787; x_wconf 84' lang='lat' dir='ltr'>funerari</span> <span class='ocrx_word' id='word_1_174' title='bbox 239 2725 272 2785; x_wconf 87' lang='lat' dir='ltr'>et</span> <span class='ocrx_word' id='word_1_175' title='bbox 303 2743 376 2785; x_wconf 91' lang='lat' dir='ltr'>eum</span> <span class='ocrx_word' id='word_1_176' title='bbox 404 2721 458 2805; x_wconf 92' lang='lat' dir='ltr'>qui</span> <span class='ocrx_word' id='word_1_177' title='bbox 487 2726 589 2785; x_wconf 90' lang='lat' dir='ltr'>morte</span> <span class='ocrx_word' id='word_1_178' title='bbox 617 2721 760 2785; x_wconf 87' lang='lat' dir='ltr'>mulieris</span> <span class='ocrx_word' id='word_1_179' title='bbox 788 2722 895 2785; x_wconf 90' lang='lat' dir='ltr'>dotem</span> <span class='ocrx_word' id='word_1_180' title='bbox 923 2721 1076 2800; x_wconf 86' lang='lat' dir='ltr'>lucratur,</span> 
     </span>
     <span class='ocr_line' id='line_1_27' title="bbox 62 2809 1075 2894; baseline -0.004 -19"><span class='ocrx_word' id='word_1_181' title='bbox 62 2810 97 2875; x_wconf 92' lang='lat' dir='ltr'>in</span> <span class='ocrx_word' id='word_1_182' title='bbox 120 2811 218 2875; x_wconf 85' lang='lat' dir='ltr'>funus</span> <span class='ocrx_word' id='word_1_183' title='bbox 243 2810 388 2874; x_wconf 88' lang='lat' dir='ltr'>conferre</span> <span class='ocrx_word' id='word_1_184' title='bbox 412 2810 537 2894; x_wconf 83' lang='lat' dir='ltr'>debere,</span> <span class='ocrx_word' id='word_1_185' title='bbox 560 2810 627 2874; x_wconf 87' lang='lat' dir='ltr'>sive</span> <span class='ocrx_word' id='word_1_186' title='bbox 650 2815 744 2894; x_wconf 81' lang='lat' dir='ltr'>pater</span> <span class='ocrx_word' id='word_1_187' title='bbox 766 2809 910 2874; x_wconf 85' lang='lat' dir='ltr'>mulieris</span> <span class='ocrx_word' id='word_1_188' title='bbox 935 2815 984 2872; x_wconf 89' lang='lat' dir='ltr'>est</span> <span class='ocrx_word' id='word_1_189' title='bbox 1008 2809 1075 2873; x_wconf 83' lang='lat' dir='ltr'>sive</span> 
     </span>
     <span class='ocr_line' id='line_1_28' title="bbox 63 2900 208 2964; baseline -0.007 0"><span class='ocrx_word' id='word_1_190' title='bbox 63 2900 208 2964; x_wconf 76' lang='lat' dir='ltr'>maritus</span> 
     </span>
    </p>

    <p class='ocr_par' dir='ltr' id='par_1_9' title="bbox 484 2993 654 3052">
     <span class='ocr_line' id='line_1_29' title="bbox 484 2993 654 3052; baseline 0 -1"><span class='ocrx_word' id='word_1_191' title='bbox 484 2993 531 3051; x_wconf 88' lang='lat' dir='ltr'>De</span> <span class='ocrx_word' id='word_1_192' title='bbox 553 2994 654 3052; x_wconf 79' lang='lat' dir='ltr'>tutelis.</span> 
     </span>
    </p>
   </div>
   <div class='ocr_carea' id='block_1_8' title="bbox 62 3109 1076 3533">
    <p class='ocr_par' dir='ltr' id='par_1_10' title="bbox 62 3109 1076 3533">
     <span class='ocr_line' id='line_1_30' title="bbox 152 3109 1076 3196; baseline -0.003 -19"><span class='ocrx_word' id='word_1_193' title='bbox 152 3111 206 3177; x_wconf 86' lang='lat'>30.</span> <span class='ocrx_word' id='word_1_194' title='bbox 256 3109 325 3175; x_wconf 80' lang='lat' dir='ltr'>Gai.</span> <span class='ocrx_word' id='word_1_195' title='bbox 355 3113 386 3196; x_wconf 88' lang='lat'>1,</span> <span class='ocrx_word' id='word_1_196' title='bbox 421 3113 485 3176; x_wconf 87' lang='grc'>144</span> <span class='ocrx_word' id='word_1_197' title='bbox 513 3134 560 3195; x_wconf 91' lang='lat' dir='ltr'>sq.</span> <span class='ocrx_word' id='word_1_198' title='bbox 596 3149 637 3157; x_wconf 91' lang='lat'>—</span> <span class='ocrx_word' id='word_1_199' title='bbox 670 3111 803 3176; x_wconf 87' lang='lat' dir='ltr'>Veteres</span> <span class='ocrx_word' id='word_1_200' title='bbox 834 3162 872 3175; x_wconf 91' lang='lat'>..</span> <span class='ocrx_word' id='word_1_201' title='bbox 906 3112 1076 3176; x_wconf 88' lang='lat' dir='ltr'>voluerunt</span> 
     </span>
     <span class='ocr_line' id='line_1_31' title="bbox 62 3198 1076 3284; baseline -0.003 -19"><span class='ocrx_word' id='word_1_202' title='bbox 62 3199 211 3282; x_wconf 84' lang='lat' dir='ltr'>feminas,</span> <span class='ocrx_word' id='word_1_203' title='bbox 240 3200 367 3263; x_wconf 90' lang='lat' dir='ltr'>etiamsi</span> <span class='ocrx_word' id='word_1_204' title='bbox 394 3200 555 3284; x_wconf 86' lang='lat' dir='ltr'>perfectae</span> <span class='ocrx_word' id='word_1_205' title='bbox 579 3201 694 3264; x_wconf 83' lang='lat' dir='ltr'>aetatis</span> <span class='ocrx_word' id='word_1_206' title='bbox 718 3201 792 3281; x_wconf 86' lang='lat' dir='ltr'>sint,</span> <span class='ocrx_word' id='word_1_207' title='bbox 822 3204 952 3284; x_wconf 89' lang='lat' dir='ltr'>propter</span> <span class='ocrx_word' id='word_1_208' title='bbox 976 3198 1076 3262; x_wconf 84' lang='lat' dir='ltr'>animi</span> 
     </span>
     <span class='ocr_line' id='line_1_32' title="bbox 62 3286 1075 3373; baseline -0.002 -21"><span class='ocrx_word' id='word_1_209' title='bbox 62 3289 229 3367; x_wconf 80' lang='lat' dir='ltr'>levitatem</span> <span class='ocrx_word' id='word_1_210' title='bbox 256 3287 290 3352; x_wconf 88' lang='lat' dir='ltr'>in</span> <span class='ocrx_word' id='word_1_211' title='bbox 318 3290 420 3353; x_wconf 90' lang='lat' dir='ltr'>tutela</span> <span class='ocrx_word' id='word_1_212' title='bbox 448 3310 517 3352; x_wconf 88' lang='lat' dir='ltr'>esse</span> <span class='ocrx_word' id='word_1_213' title='bbox 616 3289 777 3373; x_wconf 91' lang='lat' dir='ltr'>loquimur</span> <span class='ocrx_word' id='word_1_214' title='bbox 803 3293 910 3354; x_wconf 87' lang='lat' dir='ltr'>autem</span> <span class='ocrx_word' id='word_1_215' title='bbox 933 3286 1075 3370; x_wconf 87' lang='lat' dir='ltr'>exceptis</span> 
     </span>
     <span class='ocr_line' id='line_1_33' title="bbox 62 3376 1072 3465; baseline -0.004 -22"><span class='ocrx_word' id='word_1_216' title='bbox 62 3377 246 3465; x_wconf 62' lang='lat' dir='ltr'>virffl&#39;nibus</span> <span class='ocrx_word' id='word_1_217' title='bbox 270 3376 468 3456; x_wconf 86' lang='lat' dir='ltr'>Vestalibus,</span> <span class='ocrx_word' id='word_1_218' title='bbox 494 3399 572 3460; x_wconf 86' lang='lat' dir='ltr'>quas</span> <span class='ocrx_word' id='word_1_219' title='bbox 597 3379 694 3441; x_wconf 83' lang='lat' dir='ltr'>etiam</span> <span class='ocrx_word' id='word_1_220' title='bbox 718 3382 840 3442; x_wconf 87' lang='lat' dir='ltr'>veteres</span> <span class='ocrx_word' id='word_1_221' title='bbox 863 3377 896 3441; x_wconf 94' lang='lat' dir='ltr'>in</span> <span class='ocrx_word' id='word_1_222' title='bbox 920 3378 1072 3441; x_wconf 86' lang='lat' dir='ltr'>honorem</span> 
     </span>
     <span class='ocr_line' id='line_1_34' title="bbox 62 3465 674 3533; baseline -0.003 -1"><span class='ocrx_word' id='word_1_223' title='bbox 62 3465 237 3533; x_wconf 88' lang='lat' dir='ltr'>sacerdotii</span> <span class='ocrx_word' id='word_1_224' title='bbox 260 3465 379 3531; x_wconf 86' lang='lat' dir='ltr'>liberas</span> <span class='ocrx_word' id='word_1_225' title='bbox 403 3488 473 3530; x_wconf 87' lang='lat' dir='ltr'>esse</span> <span class='ocrx_word' id='word_1_226' title='bbox 496 3468 674 3531; x_wconf 86' lang='lat' dir='ltr'>voluerunt.</span> 
     </span>
    </p>
   </div>
   <div class='ocr_carea' id='block_1_9' title="bbox 151 3568 369 3644">
    <p class='ocr_par' dir='ltr' id='par_1_11' title="bbox 151 3568 369 3644">
     <span class='ocr_line' id='line_1_35' title="bbox 151 3568 369 3644; baseline -0.014 -13"><span class='ocrx_word' id='word_1_227' title='bbox 151 3590 179 3631; x_wconf 84' lang='lat' dir='ltr'>v.</span> <span class='ocrx_word' id='word_1_228' title='bbox 204 3568 219 3627; x_wconf 92' lang='grc' dir='ltr'>Ι</span> <span class='ocrx_word' id='word_1_229' title='bbox 242 3588 271 3644; x_wconf 91' lang='lat' dir='ltr'>p.</span> <span class='ocrx_word' id='word_1_230' title='bbox 297 3571 369 3628; x_wconf 88' lang='lat'><strong>136.</strong></span> 
     </span>
    </p>
   </div>
   <div class='ocr_carea' id='block_1_10' title="bbox 0 0 1219 3976">
    <p class='ocr_par' dir='ltr' id='par_1_12' title="bbox 0 0 1219 3976">
     <span class='ocr_line' id='line_1_36' title="bbox 0 0 1219 3976; baseline 0 0"><span class='ocrx_word' id='word_1_231' title='bbox 0 0 1219 3976; x_wconf 95' lang='lat' dir='ltr'> </span> 
     </span>
    </p>
   </div>
  </div>
 </body>
</html>
