2422 3976
498 168 524 218 3.
542 159 704 216 MINICIUS
1040 162 1104 227 281

61 312 65 413 i
116 321 213 398 roze
237 324 373 408 solacii,
400 330 531 406 repetere
557 324 700 390 dominus
726 344 790 389 coc
810 325 943 407 poterit·
969 327 1051 408 quod
1071 327 1108 392 ec

61 438 64 499 ξ
121 405 250 480 umam
275 412 413 496 perricio
441 413 576 493 soluerit,
610 412 834 490 vindicabitur,-
862 414 893 478 si
920 434 990 479 vcro
1018 420 1108 480 astro

61 506 64 551 ῑ
120 513 222 566 musam
248 501 365 585 peculii
390 502 588 584 fideiussorit,
619 503 701 585 quod
726 523 763 566 aa
788 503 924 584 pecunia
951 505 1108 570 doninica

119 585 231 670 uticii,
262 611 356 674 oeque
391 591 609 671 vindicabitur,
646 592 728 673 quod
757 611 794 655 ea
824 591 958 673 peculio,
990 594 1108 659 condid

116 679 211 752 ponit.

382 766 431 834 De
452 768 610 832 cuborum
633 767 821 850 obliquatione.

61 924 65 1077 t
117 892 300 1079 editt·
317 892 475 1066 {titt
500 887 1108 1065 {dstatuaturque

61 1082 65 1185 Ι
116 1081 253 1172 umorem
282 1091 442 1134 summam
470 1090 504 1133 se
532 1069 701 1171 otligavit,
735 1069 785 1152 <is
812 1091 870 1153 pro
900 1091 963 1154 quo
992 1092 1026 1135 se
1054 1072 1108 1136 ob·

61 1194 65 1323 *
115 1149 518 1243 hgav1ti>rectetanetur3
537 1180 566 1223 si
585 1180 619 1222 111
638 1179 803 1240 maiorem,
821 1156 909 1241 <non
927 1158 1108 1243 tenetur?>.

184 1252 320 1312 Iulianus
351 1253 452 1312 verius
484 1254 573 1328 putat
600 1251 680 1328 qnod
708 1271 726 1310 a
753 1251 905 1329 plerisque
932 1271 1109 1329 responsum

61 1326 65 1415 ξ
113 1340 247 1418 osteum,
276 1341 329 1419 qui
351 1341 495 1400 maiorem
519 1359 667 1400 summam
690 1359 780 1417 quam
802 1343 926 1417 rogatus
951 1344 1015 1401 erat
1037 1342 1107 1401 fide·

111 1423 247 1507 iussisset,
283 1430 427 1489 hactenus
459 1429 594 1488 mandati
625 1428 773 1489 actionem
804 1429 928 1509 habere,
961 1433 1108 1508 quatenus

110 1521 222 1595 rogatus
250 1521 343 1590 esset,
371 1518 442 1594 quia
469 1517 501 1576 id
528 1518 660 1593 fecisset,
688 1518 767 1594 quod
795 1518 970 1577 mandatum
997 1519 1025 1578 ei
1050 1523 1110 1596 est;

108 1621 168 1665 nam
187 1624 283 1683 usque
303 1607 341 1666 ad
359 1625 427 1665 eam
445 1625 601 1683 summam,
623 1605 655 1664 in
674 1625 764 1683 quam
783 1609 905 1684 rogatus
923 1610 998 1686 erat,
1020 1608 1110 1668 fidem

107 1693 163 1755 sius
186 1697 338 1771 spectasse
360 1693 482 1757 videtur
505 1695 556 1772 qui
579 1695 707 1772 rogavit.

186 1796 251 1862 23?
276 1795 316 1860 D.
328 1797 378 1874 12,
392 1796 480 1876 1,22.
522 1795 611 1860 Idem
634 1792 693 1882 (so.
707 1794 867 1883 Iulianus)
891 1797 975 1863 libro
995 1803 1109 1882 quarto

102 1905 136 1949 ex
161 1883 294 1951 Minicio
318 1883 366 1969 (P.
382 1881 471 1970 867).
494 1920 537 1930 -
560 1882 682 1948 Vinum
711 1885 795 1969 quod
824 1889 971 1951 mutuum
999 1889 1110 1952 datum

101 1977 182 2056 erat,
207 1995 266 2057 per
292 1973 430 2038 iudicem
457 1972 596 2056 petitum
622 1976 679 2037 est.
725 1973 908 2057 quaesitum
932 1979 993 2058 est,
1021 1976 1110 2040 cuius

98 2062 256 2146 temporis
280 2062 462 2126 aestimatio
486 2061 586 2143 fieret,
609 2065 719 2125 utrum
742 2082 815 2126 oum
834 2063 946 2127 datum
965 2067 1051 2128 esset
1069 2086 1110 2128 an

98 2171 169 2216 eum
196 2151 289 2215 litem
313 2152 511 2215 contestatus
534 2150 650 2214 fuisset
672 2171 713 2212 an
737 2171 808 2214 cum
831 2173 882 2215 res
906 2151 1111 2218 iudicaretur.

97 2236 239 2305 Sabinus
266 2239 447 2323 respondit,
475 2239 503 2303 si
530 2239 651 2303 dictum
679 2243 850 2322 essetque
874 2243 1019 2323 tempore
1042 2242 1112 2305 red·

98 2328 239 2412 deretur,
258 2327 371 2412 quanti
389 2332 466 2393 tunc
484 2327 613 2413 fuisset3
632 2326 661 2391 si
676 2327 795 2391 dietum
810 2349 876 2392 non
891 2333 984 2411 asset,
998 2331 1111 2412 quanti

96 2419 175 2483 tunc
194 2417 319 2498 fuisset,
339 2437 410 2481 cum
429 2416 568 2499 petitum
587 2419 681 2479 esset.
715 2415 920 2499 interrogavi,
939 2416 1029 2481 cuius
1048 2418 1111 2482 loci

96 2505 240 2590 pretium
263 2506 354 2590 sequi
378 2508 536 2588 oporteat.
582 2505 762 2587 respondit,
791 2504 818 2568 si
842 2503 1052 2588 convenisset,
1073 2509 1110 2570 ut

97 2598 187 2660 certo
211 2595 282 2659 loco
306 2593 501 2677 redderetur,
527 2594 641 2678 quanti
664 2615 702 2658 eo
727 2593 798 2658 loco
823 2596 917 2677 esset,
940 2594 968 2658 si
991 2594 1110 2659 dictum

96 2705 164 2749 non
190 2686 287 2766 esset,
313 2683 426 2767 quanti
448 2683 504 2747 ubi
528 2687 613 2747 asset
635 2682 782 2764 petitum.

396 2858 446 2925 De
467 2861 616 2946 ereptione
636 2859 815 2924 coactitiam.

188 2984 255 3050 24?
278 2984 318 3049 D.
329 2984 380 3067 19,
394 2987 421 3067 1,
430 2985 481 3050 29.
523 2984 613 3048 Idem
636 2983 694 3070 (so.
708 2982 868 3068 Iulianus)
892 2984 975 3050 libro
996 2990 1111 3070 quarto

99 3095 137 3139 ex
159 3073 296 3138 Minicio
320 3069 370 3160 (P.
380 3069 468 3158 863).
487 3109 529 3120 -·
549 3072 609 3139 Oui
632 3093 684 3136 res
709 3072 768 3136 sub
792 3072 978 3137 condicione
1001 3074 1110 3157 legata
1158 3097 1161 3111 ¹

98 3166 182 3247 erat,
209 3162 238 3226 is
266 3184 338 3226 eam
366 3162 550 3246 imprudens
579 3162 619 3225 ab
647 3160 763 3225 herede
792 3161 881 3225 amit:
933 3167 1048 3226 actione
1076 3186 1112 3225 ex

100 3260 201 3332 empto
223 3255 337 3332 poterit
355 3257 496 3333 consequi
515 3259 631 3331 emptor
648 3253 788 3331 pretium,
811 3249 948 3331 qnccd0¹
966 3274 1002 3314 ex
1021 3272 1112 3314 causa

99 3343 194 3424 legati
216 3364 281 3404 rem
303 3344 403 3404 habet.

173 3537 188 3585 1
209 3530 258 3586 Fr.
276 3530 424 3600 quianon.
