2422 3976
110 841 148 942 V.
178 849 397 949 NERVAE
430 852 500 949 ET
533 853 763 952 TRAIANI
791 854 1090 953 TEMPORUM

358 1010 505 1110 IURIS
540 1011 815 1111 CONSULTI.

111 1201 128 1253 1.
147 1199 263 1260 Valerius
286 1206 413 1262 Severus.
438 1237 470 1246 -
495 1212 519 1262 2.
546 1205 689 1261 Fulcinius
711 1206 831 1263 Priscus.
855 1239 888 1248 -
912 1215 936 1262 8.
959 1208 1089 1264 Minicius

111 1268 240 1346 (Natalisl).
255 1308 292 1318 —
305 1283 330 1332 4.
345 1277 477 1332 Neratius
490 1276 607 1333 Priscus.
621 1308 656 1318 —
671 1284 687 1331 5
711 1277 802 1332 Titius
812 1278 915 1334 Aristo.
926 1311 958 1320 -
969 1285 994 1334 6.
1009 1280 1088 1336 Iavo-

229 1348 309 1402 lenus
329 1347 447 1403 Priscus.
467 1378 499 1388 -
520 1354 543 1402 7.
563 1347 705 1403 Iuventius
725 1349 820 1404 Celsus
838 1350 942 1419 (filius).

314 1544 352 1624 1.
385 1547 621 1620 VALERIUS
651 1547 862 1622 SEVERUS

174 1691 398 1752 iurisconsultus
420 1691 559 1751 Labeone
581 1692 678 1752 minor
700 1696 773 1752 natu
796 1693 959 1772 aluliano‚
982 1695 1087 1774 Paulo,

109 1763 209 1850 Ulpiano
232 1781 384 1858 laudatae,
408 1782 460 1858 qui
483 1783 514 1840 et
535 1780 740 1857 respondendo
764 1785 795 1841 et
817 1783 903 1842 libris
922 1784 1086 1844 scribendis

109 1873 202 1934 operam
223 1869 319 1944 dedit,
343 1872 474 1929 ceterum
497 1869 582 1928 nobis
605 1870 734 1946 ignotus.

463 2045 487 2104 Ι.
514 2046 705 2122 Responsa.

395 2164 590 2248 Neyotiorum
609 2170 771 2248 cestorum.

172 2273 196 2338 1.
225 2271 266 2336 Ι).
285 2271 316 2353 3,
334 2271 364 2356 5,
383 2273 435 2336 29.
479 2271 623 2336 Iulianus
647 2271 729 2336 libro
752 2272 850 2336 tertio
875 2271 1085 2356 Digestorum

104 2340 139 2430 (Ρ
153 2359 212 2447 45).
242 2396 281 2408 -
311 2358 363 2424 Ex
390 2359 476 2424 facto
505 2360 731 2443 quaerebatur:
762 2360 921 2444 quendam
950 2360 991 2423 ad
1019 2360 1084 2424 sili-

104 2454 188 2518 esem
204 2448 372 2515 emendam
387 2451 566 2513 curatorem
582 2447 709 2513 decreto
724 2449 845 2513 ordinis
860 2448 1084 2531 constitutum3

103 2524 182 2602 eidem
204 2538 306 2604 alium
330 2538 570 2602 subauratorem
593 2537 805 2602 constitutum
829 2535 990 2621 siliginem
1009 2537 1083 2601 mis-

102 2624 179 2691 undo
205 2626 387 2709 corrupisse
413 2630 508 2708 atquc
531 2625 578 2690 ita
600 2626 739 2708 pretium
763 2624 917 2710 siliginis,
944 2626 1084 2710 quaein

99 2707 240 2780 lublcum
264 2718 373 2797 empta
395 2719 473 2798 erat,
496 2714 635 2778 curatori
659 2714 823 2778 adflictum
846 2735 929 2796 esse;
956 2737 1081 2801 quaque

100 2799 202 2868 ssione
240 2807 369 2869 curator
401 2824 473 2866 cum
506 2803 712 2866 subcuratore
745 2802 882 2885 experiri
914 2804 1018 2886 possit
1052 2810 1084 2869 et

55 2924 59 2965 ,
100 2892 229 2977 consequi
250 2891 294 2975 id,
317 2894 354 2955 ut
377 2892 405 2955 ci
429 2891 555 2956 salvum
574 2895 667 2974 esset,
690 2890 774 2974 quod
793 2913 890 2956 causa
909 2892 977 2956 eius
996 2892 1082 2957 dam-

55 2994 57 3039 ÷
98 2981 156 3043 lum
169 2981 315 3066 cepisset.
350 2979 498 3044 Valerius
513 2976 649 3043 Severus
663 2980 830 3062 respondit
844 2980 995 3045 adversus
1009 3002 1082 3044 con·

98 3054 217 3134 tutorem
235 3069 441 3154 negotiorum
461 3070 626 3152 gestorum
645 3067 805 3132 actionem
819 3069 922 3134 tutori
936 3068 1082 3133 dandam.

165 3160 194 3223 2.
216 3157 257 3223 D.
274 3157 352 3222 ibid.
371 3191 413 3203 -
431 3155 520 3220 Idem
543 3156 721 3239 respondit:
744 3160 781 3221 ut
802 3155 1009 3244 magistratui
1029 3156 1082 3219 ad-

98 3251 188 3311 versus
210 3246 440 3331 magistratum
464 3244 575 3310 eadem
598 3246 681 3309 actio
705 3244 811 3330 detur,
837 3247 885 3311 ita
907 3250 1030 3329 tamen,
1053 3245 1081 3308 si

96 3336 212 3401 nonsit
239 3335 386 3400 conscius
413 3333 546 3400 fraudis.
597 3334 786 3416 [secundum
814 3355 894 3418 quae
922 3334 1018 3397 etiam
1046 3332 1081 3396 in

95 3419 286 3489 subcuratore
309 3422 394 3487 idem
418 3423 588 3488 dicendum
611 3424 683 3504 est]

870 3523 923 3578 1⁷*
