2422 3976
389 174 415 222 4.
438 166 469 224 L.
488 166 670 224 NERATIUS
689 168 837 225 PRISCUS
1051 172 1116 238 323

110 330 177 395 daei
204 352 270 396 non
297 331 417 416 possit,
445 331 572 396 etiamsi
594 331 699 397 hieme
722 354 848 416 quoque
872 333 1117 419 desideraretur,

110 418 173 484 sire
202 419 291 486 omni
318 424 465 505 tempore
493 421 571 485 anui
594 421 665 486 duoi
689 442 761 486 eam
784 422 887 505 ipsius
909 428 1025 489 natura
1047 447 1116 509 per·

110 508 255 594 mitteret,
277 509 307 575 si
327 508 455 574 utilitas
474 508 637 594 reqionie,
660 510 693 574 in
714 532 811 594 quam
831 510 967 593 ducitur,
990 517 1114 578 aestate

113 595 270 664 dumtaxat
294 620 389 663 usum
412 599 481 663 eius
505 599 661 684 exigeret,
692 599 816 664 aestiva
838 604 924 665 reete
947 601 1115 667 diceretur.

322 773 373 841 De
394 776 567 842 iudicatum
588 777 667 842 solui
688 777 893 861 epulatione.

193 884 245 948 32.
272 880 313 947 Ι).
326 881 380 966 46,
395 883 425 966 7,
442 883 492 948 16.
539 881 692 947 Neratius
719 883 802 948 libro
830 883 927 948 tertio
954 883 1115 949 Membra-

71 982 75 1057 ζ
120 987 225 1036 uarum.
246 1007 285 1017 -
302 969 356 1035 Ex
373 971 552 1036 iudicatum
572 971 655 1036 solvi
674 971 883 1054 stipulatione
903 973 944 1037 ob
963 994 1031 1037 rem
1048 995 1115 1038 non

122 1055 264 1124 defensam
297 1081 372 1124 eum
401 1081 465 1125 uno
497 1081 536 1125 ex
565 1057 791 1142 spousoribus²
822 1081 917 1145 agere
946 1062 1032 1126 volo.
1076 1064 1113 1144 is,

123 1147 188 1226 quod
208 1170 268 1233 pro
292 1151 384 1232 parte
408 1147 476 1213 eius
495 1148 540 1232 fit,
564 1149 688 1214 solvere
707 1149 787 1214 mihi
806 1153 940 1234 paratus
959 1154 1024 1216 est:
1048 1172 1114 1215 non

123 1231 197 1301 debet
217 1236 300 1302 mihi
317 1237 352 1301 in
371 1259 444 1302 eum
463 1236 533 1301 dari
550 1236 712 1302 iudicium.
749 1260 851 1322 neque
870 1239 955 1303 enim
974 1261 1114 1324 aequum

123 1326 160 1386 est
177 1333 230 1390 aut
253 1325 372 1391 iuditio
397 1325 556 1409 destringi
580 1329 636 1390 aut
654 1326 695 1391 ad
713 1326 941 1392 infitiationem
961 1328 1112 1413 compelli

122 1426 185 1498 tun,
203 1415 256 1500 qui
276 1415 346 1479 sine
364 1413 467 1480 iudiee
487 1414 562 1479 dare
581 1420 713 1499 paratus
732 1419 790 1500 est,
810 1438 872 1500 quo
891 1438 956 1481 non
971 1417 1111 1501 amplius

122 1497 303 1569 adversarius
332 1503 400 1567 eius
428 1525 485 1587 per
512 1503 650 1568 iudicem
674 1504 714 1568 ab
740 1525 777 1568 eo
801 1510 1029 1570 consecuturus
1054 1511 1112 1570 est.

515 1721 622 1781 Liber
643 1721 696 1780 IV.

424 1839 476 1906 De
497 1840 660 1922 usufructu
684 1842 788 1924 apuu.

188 1949 239 2014 33.
267 1946 306 2012 D.
322 1948 350 2032 7,
368 1949 396 2028 1,
411 1949 440 2029 7,
455 1949 484 2012 3.
530 1946 689 2031 Ulpianus
716 1946 801 2011 libro
827 1948 963 2032 septimo
987 1948 1111 2014 decimo

71 2070 73 2091 =
119 2031 149 2094 ad
171 2033 323 2102 Sabinum
351 2032 401 2123 (P.
420 2032 532 2122 2558).
563 2071 601 2082 -
630 2033 784 2100 Neratius
817 2083 851 2100 ..
883 2036 968 2100 libro
996 2042 1111 2119 quarto

119 2111 363 2191 Membranarum
396 2125 443 2189 ait
474 2146 540 2189 nou
573 2146 669 2209 posse
701 2123 912 2188 fructuarium
940 2124 1112 2208 prohiberi,

117 2225 165 2290 quo
194 2215 301 2279 minus
333 2213 459 2278 reficiat
491 2213 720 2299 (sudomirus
754 2210 910 2297 aedium),
946 2213 1021 2296 quia
1053 2235 1111 2278 nee

116 2314 190 2367 arare
207 2302 373 2387 prohiberi
387 2307 497 2386 potest
511 2305 567 2367 aut
581 2303 699 2385 colere3
718 2323 777 2366 nee
792 2301 897 2366 solum
911 2301 1111 2366 necessarias

114 2388 290 2457 refectiones
318 2390 492 2475 fauturum,
520 2391 575 2457 sed
603 2392 703 2455 etiam
730 2390 909 2474 voluptatis
937 2411 1046 2472 eausa,
1075 2395 1111 2453 ut

113 2475 235 2546 tectoria
262 2485 295 2544 et
321 2482 509 2564 pavimenta
531 2484 564 2544 et
588 2480 706 2544 similia
729 2478 849 2561 faeere,
877 2499 979 2562 neque
1003 2482 1110 2542 sutem

111 2569 255 2654 ampliare
277 2590 337 2635 nee
359 2569 438 2634 utile
462 2567 629 2633 detrahere
652 2589 756 2652 posse.

518 2728 568 2794 De
590 2728 691 2794 uuu.

185 2838 238 2902 34.
261 2837 301 2902 D.
314 2837 368 2921 46,
382 2837 412 2921 6,
427 2836 477 2900 11.
523 2834 677 2900 Neratius
701 2835 784 2900 libro
809 2837 925 2919 quarto
949 2831 1108 2898 Membra·

100 2944 221 2991 uarum.
243 2962 281 2973 -
303 2926 383 2992 Cum
402 2946 470 2989 rem
490 2925 612 2988 salvam
629 2923 697 2988 fore
716 2924 841 3008 pupillo
860 2926 999 3006 cavetur,
1023 2943 1108 2987 eom·

98 3014 240 3080 mittitur
257 3014 433 3099 stipulati0,
452 3013 490 3096 si,
509 3012 595 3096 quod
614 3033 652 3077 ex
670 3012 775 3076 tutela
793 3012 861 3077 dari
880 3012 950 3077 fieri
968 3016 1107 3096 oportet,

97 3125 161 3168 non
180 3106 373 3188 praestetur.
396 3101 488 3186 [nam
507 3105 539 3164 et
558 3101 587 3164 si
610 3100 701 3164 salva
725 3100 755 3162 ei
777 3121 828 3164 res
852 3102 903 3181 sit,
927 3102 968 3165 ob
988 3101 1020 3165 id
1039 3121 1105 3164 nou

96 3196 154 3277 est,
169 3193 255 3277 quia,
270 3191 354 3275 quod
369 3212 408 3254 ex
422 3190 525 3254 tutela
539 3189 609 3253 dari
622 3188 692 3252 fieri
710 3191 850 3271 oportet,
863 3210 928 3254 nou
943 3188 1101 3268 solvitur]

189 3302 312 3362 Inclusa
334 3302 426 3362 verba
448 3299 571 3360 Perniee
593 3300 701 3359 merito
725 3300 803 3359 eieit.

167 3481 182 3527 1
201 3471 251 3528 ΡΖ.
270 3469 406 3540 personis.

167 3551 184 3599 2
206 3543 283 3599 Trai).
302 3540 518 3596 fideiussoribus.
