2422 3976
499 171 523 219 7.
542 162 727 220 Pnocunus
1051 164 1115 230 135

103 349 177 393 eam
196 327 337 393 insulam
351 327 455 411 fulsit,
473 349 569 411 qnam
584 327 731 392 dominus
746 325 840 412 qnasi
853 327 959 411 impar
972 329 1115 413 sumptui

100 416 316 501 dereliquerit
342 416 394 481 vel
424 439 520 501 quam
548 416 610 480 sibi
637 417 849 481 necessariam
876 438 943 482 non
965 417 1115 500 putavit?

98 507 252 584 mavit,
270 505 385 590 inquit,
402 506 562 570 docuinam
579 506 744 570 mum
757 505 910 571 Labeonis
926 507 1115 590 senneber,

97 614 171 660 nem
199 594 367 677 cumbae
394 594 484 660 lecet
509 599 539 659 ct
565 595 674 659 damea·
703 593 808 676 infecti
833 595 1046 660 nominarem
1068 596 1115 660 de

97 684 280 766 relinquere.

191 775 378 836 Sententiam
400 776 450 835 hic
472 777 623 855 proposui,
647 796 716 836 cum
738 777 838 837 locum
856 777 952 854 magis
975 777 1114 836 idoneum

97 883 241 926 neecnm.

191 967 245 1032 13.
268 964 307 1030 D.
322 966 397 1050 3‚5,
412 967 463 1031 10.
501 965 698 1050 Pomponius
717 966 800 1031 libro
818 965 993 1031 vicensimo
1007 967 1114 1050 primo

98 1055 139 1120 ad
164 1053 320 1130 Quintum
344 1054 486 1120 Mucium
511 1052 561 1141 (P.
574 1055 663 1140 278).
689 1091 727 1101 —
754 1053 788 1120 si
815 1055 947 1138 negotia
971 1054 1114 1120 absentie

98 1147 133 1209 et
165 1143 351 1228 ignorantie
384 1164 492 1228 geras,
525 1148 557 1208 et
588 1145 715 1228 eulpam
748 1149 782 1208 et
813 1144 922 1208 dolum
949 1147 1115 1228 praestare

99 1232 207 1298 debes.
251 1232 307 1297 sed
329 1231 485 1298 Proculus
508 1233 669 1297 interdum
693 1232 791 1296 etiam
815 1254 925 1297 casum
949 1234 1115 1316 praestare

100 1321 229 1406 debere,
246 1321 348 1386 veluti
367 1321 396 1386 ei
414 1342 534 1387 novum
553 1322 731 1407 negotium,
749 1321 834 1405 quod
852 1342 918 1385 non
937 1322 981 1385 sit
998 1320 1113 1386 solitus

100 1411 219 1475 absens
246 1409 367 1494 facere,
398 1413 434 1474 tu
461 1410 592 1475 nomine
620 1409 688 1474 eius
716 1429 824 1493 geras,
856 1409 957 1474 veluti
984 1410 1113 1475 venales

99 1498 245 1565 novicios
264 1499 438 1564 coemendo
459 1499 509 1563 vel
528 1499 671 1583 aliquam
688 1498 943 1583 negotiationem
962 1498 1112 1564 ineundo.

100 1608 175 1652 nam
208 1587 237 1652 si
270 1587 346 1673 quid
378 1587 530 1652 damnum
562 1610 602 1653 ex
634 1609 672 1652 ea
701 1609 735 1652 re
763 1591 908 1652 secutum
935 1586 1047 1671 fuerit,
1082 1591 1115 1652 te

101 1680 262 1761 sequetur,
281 1677 407 1742 lucrum
425 1697 501 1742 vero
521 1676 700 1760 absentem3
721 1676 806 1761 quod
826 1677 853 1740 ri
867 1676 902 1740 in
917 1677 1111 1761 quibusdam

101 1763 225 1830 lucrum
247 1764 370 1830 factam
393 1765 504 1849 fuerit,
531 1766 566 1829 in
590 1765 783 1850 quibusdam
805 1764 968 1848 damnum,
995 1767 1111 1831 absens

102 1873 239 1936 pensare
262 1852 390 1918 lucrum
413 1875 487 1919 cum
510 1854 628 1920 damno
653 1854 757 1919 debet

188 1965 407 2042 Fragmentum
428 1965 535 2024 iisdem
558 1966 644 2026 libris
666 1966 787 2028 videtur
811 1965 1045 2026 attribuendum.

502 2099 552 2166 Dc
574 2102 720 2165 societate.

193 2207 245 2271 14.
273 2205 313 2271 D.
335 2208 385 2289 17,
404 2208 434 2291 2,
454 2207 506 2289 65,
524 2208 554 2274 5.
599 2205 718 2272 Paulus
747 2208 830 2272 libro
853 2209 1044 2294 trigensimo
1069 2232 1114 2274 se·

104 2294 205 2360 cundo
235 2295 274 2358 ad
303 2295 443 2361 edictum
472 2294 519 2380 (P.
537 2291 629 2383 495).
654 2332 692 2342 -
720 2295 829 2362 Labeo
850 2298 1114 2380 ..posteriorum

102 2382 194 2449 libris
218 2382 359 2468 scripsit,
382 2385 411 2450 si
434 2384 666 2449 renuntiaverit
690 2384 836 2450 societati
858 2408 940 2450 unus
960 2408 999 2450 ex
1018 2386 1113 2450 sociis

101 2494 138 2538 eo
160 2477 318 2556 tempore,
341 2495 405 2559 quo
429 2472 578 2538 interfuit
601 2472 680 2537 socii
702 2496 768 2538 non
791 2474 898 2538 dirimi
918 2475 1115 2558 societatem,

101 2563 304 2626 committere
328 2582 400 2626 eum
424 2562 459 2626 in
482 2585 541 2646 pro
564 2562 651 2626 socio
671 2563 811 2647 actione5
834 2564 957 2628 namsi
977 2563 1113 2628 emimus

100 2649 264 2734 mancipia
301 2650 384 2715 inita
420 2651 586 2734 societate,
624 2649 736 2715 deinde
767 2652 931 2717 renunties
964 2651 1045 2715 mihi
1076 2673 1114 2717 eo

101 2742 259 2823 tempore,
282 2759 345 2822 quo
366 2739 502 2814 vendere
521 2739 684 2822 mancipia
703 2761 768 2804 non
787 2740 924 2825 expedit,
947 2741 1009 2805 hoc
1028 2763 1114 2824 casu,

100 2827 178 2912 qnia
211 2826 403 2892 deteriorem
437 2849 568 2893 causam
602 2850 708 2892 meam
735 2829 830 2913 facis,
865 2830 969 2894 teneri
996 2832 1028 2894 te
1055 2852 1113 2914 pro

99 2915 189 2981 socio
224 2913 352 2980 indicio.
403 2914 559 2981 Proculus
590 2916 652 2982 hoc
680 2917 728 2981 ita
756 2939 866 2982 verum
894 2940 964 2983 esse
993 2919 1052 3001 ait,
1084 2920 1111 2982 si

100 3004 267 3070 societatis
290 3025 355 3069 non
378 3005 508 3069 intersit
531 3005 638 3069 dirimi
656 3007 859 3091 societatem3
884 3028 1010 3091 semper
1029 3008 1114 3071 enim

98 3114 168 3159 non
192 3091 235 3176 id,
258 3092 343 3177 quod
366 3093 786 3176 privatiminterestunius
806 3097 968 3180 exactiis,
992 3095 1114 3161 servari

99 3182 200 3266 solet,
222 3180 278 3246 sed
303 3181 388 3265 quod
412 3182 561 3248 societati
584 3183 721 3268 expedit.

403 3407 404 3410 Ἴ
509 3321 560 3388 De
581 3326 706 3407 nomin.

191 3429 243 3496 15.
266 3427 306 3494 D.
322 3431 351 3510 1,
365 3431 395 3513 9,
411 3430 440 3513 7,
455 3432 484 3496 1.
524 3428 685 3515 Ulpianus
709 3431 794 3497 libro
818 3432 923 3515 primo
948 3430 987 3494 ad
1010 3436 1113 3513 legem

99 3517 221 3584 Iuliam
259 3521 291 3582 et
322 3516 458 3602 Papiam
491 3515 690 3606 (P.1977¹‘).
722 3556 766 3567 -
799 3520 968 3586 ..Labeo
1001 3517 1113 3581 scribit
