2422 3976
103 175 145 239 62
173 175 219 232 ΠΙ.
235 176 312 232 GAll
326 176 472 232 CLAUDII
484 175 1110 236 NnRON.cAnBAnTEMP.1U1c1scons,

493 345 541 403 De
562 348 721 407 novatione.

193 453 265 518 101.
294 452 364 518 Gai.
383 454 412 536 3,
432 454 505 519 177.
527 490 571 501 —
595 456 672 518 ..01
700 455 811 520 eadem
839 479 979 541 persona
1008 459 1065 543 sit,
1093 483 1111 523 a

102 563 165 625 qua
188 547 303 625 postea
327 543 470 627 stipuler,
493 544 540 607 ita
564 543 692 608 demum
714 545 845 610 novatio
864 545 911 625 fit,
935 545 964 611 si
983 548 1060 631 quid
1078 548 1111 612 in

100 630 279 713 posteriore
308 631 516 715 stipulatione
539 631 617 697 novi
639 633 694 716 sit,
722 633 807 698 forte
831 633 859 698 si
882 634 1031 702 condicio
1054 640 1112 703 aut

100 718 167 783 dies
192 722 248 782 aut
270 741 406 803 sponsor
429 720 587 785 adiciatur
610 726 666 785 aut
688 721 885 786 detrahatur.

189 838 252 898 Gai.
278 841 306 918 3,
332 843 404 900 178.
454 839 512 899 Sed
539 841 619 916 quod
647 841 683 899 de
711 859 852 918 sponsore
880 841 1024 920 diximus,
1050 863 1111 905 non

100 930 232 1004 constat,
254 947 324 987 nam
347 929 481 988 diversae
505 929 624 989 scholae
648 930 820 990 auctoribus
841 931 959 1007 placuit
981 935 1013 992 et
1036 954 1064 1010 q.
1087 952 1109 994 s.

493 1091 542 1157 De
563 1093 719 1158 0011110100.

189 1207 261 1273 102.
286 1207 354 1272 cai.
369 1209 399 1291 3,
414 1209 487 1274 168.
502 1244 544 1254 -
564 1207 726 1272 Tollitur.
741 1257 748 1270 .
763 1207 921 1292 obligatio
936 1211 1109 1296 praecipue

100 1296 261 1361 solutione
286 1297 353 1361 eius
378 1297 463 1381 quod
487 1297 630 1361 debetur.
675 1296 758 1360 unde
783 1298 961 1382 quaeritur,
984 1298 1014 1364 si
1037 1301 1110 1384 quis

98 1385 320 1450 consentiente
349 1385 505 1451 creditore
534 1385 621 1450 aliud
648 1407 708 1470 pro
736 1385 800 1450 alic
825 1387 971 1466 solverit,
999 1391 1110 1453 utrum

98 1474 169 1557 ipso
188 1473 257 1537 iure
276 1473 439 1556 liberetur,
458 1474 543 1558 quod
562 1475 682 1539 nostris
696 1475 959 1558 praeceptoribus
973 1477 1108 1563 placuit,

99 1566 296 1646 maus

188 1650 260 1714 103.
288 1649 327 1715 D.
345 1650 399 1733 46,
417 1651 447 1728 3,
467 1651 518 1716 78.
564 1650 735 1716 101010110
763 1650 847 1716 libro
874 1651 1046 1718 undecimo
1072 1675 1111 1719 cx

98 1736 212 1803 Cassio
235 1735 283 1822 (P.
302 1735 370 1826 49).
392 1774 437 1785 -
461 1737 495 1804 si
523 1738 620 1803 alieni
648 1739 772 1804 nummi
798 1740 900 1805 inscio
929 1741 981 1805 vel
1004 1741 1109 1808 invito

98 1826 230 1891 domino
263 1827 362 1893 soluti
394 1830 484 1909 sunt,
516 1832 648 1891 manent
680 1829 749 1893 eius
783 1830 872 1894 cuius
901 1829 1049 1914 fuerunt3
1081 1831 1115 1912 si·

97 1915 192 1980 mixti
220 1918 340 2000 essent,
369 1916 416 1980 ita
443 1920 480 1980 ut
508 1915 647 1981 discerni
673 1938 739 1981 non
766 1921 912 2002 possent,
940 1918 1010 1982 eius
1038 1919 1110 1984 fieri

98 2005 153 2090 qui
180 2005 303 2089 aceepit
330 2005 365 2068 in
393 2004 485 2069 libris
510 2004 583 2069 caii
612 2005 767 2088 scriptum
796 2011 859 2090 001,
886 2007 933 2070 110
960 2008 1110 2074 utactio

97 2093 229 2158 (1011110
252 2115 325 2158 cum
349 2115 400 2176 eo,
424 2095 479 2178 qui
503 2093 655 2179 dedisset,
678 2093 757 2158 furti
780 2098 986 2180 competeret.

188 2183 259 2247 104.
292 2182 331 2247 D.
350 2183 403 2265 46,
421 2183 452 2266 3,
472 2182 522 2248 17.
572 2182 660 2247 Idem
693 2182 751 2264 (sc.
778 2183 992 2267 Pomponius)
1022 2185 1108 2250 libro

96 2292 182 2336 nono
206 2271 329 2335 decimo
354 2270 395 2335 ad
419 2269 573 2337 Sabinum
597 2269 647 2355 (P.
666 2267 754 2358 671).
783 2308 820 2318 -
842 2269 973 2336 Cassius
998 2275 1055 2357 ait,
1081 2275 1109 2339 si

97 2361 148 2425 cui
180 2359 346 2443 pecuniam
380 2359 466 2445 dedi,
496 2365 533 2424 ut
564 2383 636 2424 eam
669 2361 819 2425 creditori
852 2383 923 2425 meo
958 2361 1109 2446 solveret,

96 2449 170 2532 <cui
194 2452 227 2513 et
249 2448 317 2531 ipse
341 2448 503 2532 deberet>,
526 2449 553 2513 si
573 2471 631 2514 suo
650 2449 780 2514 nomine
799 2449 931 2531 dederit,
953 2455 1109 2517 neutrum

69 2538 241 2620 liberari,
272 2559 336 2620 me,
365 2536 440 2621 quia
468 2560 533 2603 non
559 2559 631 2602 meo
658 2538 788 2602 nomine
816 2539 891 2602 data
919 2537 975 2622 011,
1003 2539 1108 2625 illum,

96 2627 172 2711 quia
204 2626 340 2690 alienam
373 2625 509 2711 dederit,
541 2630 681 2692 ceterum
715 2626 858 2690 mandati
890 2649 963 2690 eum
993 2630 1108 2693 teneri.

97 2715 153 2780 sed
177 2714 204 2777 si
228 2714 366 2778 credit-or
389 2735 443 2778 eos
466 2737 615 2780 nummos
640 2715 708 2779 sine
732 2713 806 2780 dolo
831 2717 915 2779 malo
935 2737 1108 2802 consump-

97 2803 208 2885 sisset,
230 2803 268 2885 is,
291 2802 345 2887 qui
369 2825 428 2868 suo
452 2804 582 2868 nomine
606 2825 660 2867 000
684 2803 842 2886 solvisset,
866 2804 1033 2884 liberatur,
1056 2828 1108 2890 ne,

97 2893 124 2956 si
148 2892 242 2955 aliter
266 2891 504 2978 observaretur,
529 2891 668 2956 creditor
690 2892 724 2955 in
748 2892 836 2956 lucro
860 2896 1056 2959 versaretur.

423 3060 472 3126 De
494 3061 619 3126 iudiciis
634 3060 780 3143 privatis.

186 3175 257 3241 105.
281 3175 320 3241 D.
336 3178 365 3259 1,
379 3177 410 3258 9,
424 3178 453 3242 2.
490 3174 660 3240 Marcellus
679 3176 762 3240 libro
779 3175 877 3239 tertio
892 3174 1107 3260 Digestorum

95 3263 144 3347 (P.
159 3262 226 3352 20).
249 3302 293 3310 -
317 3262 447 3329 Cassius
470 3263 636 3348 Longinus
660 3286 725 3329 non
747 3266 842 3348 putat
864 3263 893 3328 ei
915 3264 1105 3347 permitten-

94 3355 179 3436 dum,
198 3354 253 3439 qui
272 3357 405 3438 propter
423 3353 655 3435 turpitudinem
675 3358 788 3417 senatu
807 3355 914 3417 motus
933 3374 993 3420 nec
1011 3355 1107 3419 resti-

94 3446 184 3508 tutus
213 3445 275 3526 est,
307 3441 446 3506 iudicare
473 3442 523 3505 vel
551 3442 773 3506 testimonium
802 3441 920 3524 dicere,
947 3443 1025 3526 quia
1054 3444 1107 3509 lex

93 3531 179 3596 Iulia
201 3529 452 3614 repetundarum
475 3530 536 3594 boc
559 3530 628 3594 fieri
652 3533 749 3595 vetat.
