2422 3976
108 154 124 235 .’
141 180 190 238 1v.
210 180 307 248 ouen
324 181 491 238 neonem
509 181 614 251 sons,
632 183 875 239 Poeoonnons
893 182 971 239 nso.
999 183 1066 247 575

97 380 157 447 iv.
192 378 312 459 ouen
336 379 538 446 neonem
561 379 685 466 soon,
714 380 1022 466 emotionem,

297 483 528 554 consonos
558 486 825 565 stennone.
1090 488 1093 493 ·

143 633 192 693 Ex
221 632 297 694 Gaio
328 638 445 694 tentum
480 634 579 712 recepi
610 653 687 712 qnae
718 630 890 712 ‘placuisse'
918 636 1067 714 dicuntur,

57 741 124 783 enm
147 723 210 783 elie
233 723 334 800 spuria
357 742 423 783 esse
445 724 569 800 possint.

356 881 383 942 1.
406 878 463 942 Ad
485 883 542 942 ius
566 878 768 962 publicum.

330 998 381 1068 De
403 1004 612 1068 constitutione
628 1005 791 1087 principes.
830 1017 833 1024 ·

149 1128 177 1190 l.
223 1123 295 1191 Gai.
321 1128 348 1209 1,
372 1126 402 1191 5.
437 1163 475 1173 -
510 1125 706 1192 Constitutio
734 1129 883 1212 principis
912 1116 1067 1210 estquod

57 1215 238 1299 imperator
274 1219 400 1295 decreto
433 1216 485 1280 vel
513 1216 616 1281 edicto
647 1217 697 1280 vel
725 1217 862 1300 epistula
892 1216 1067 1282 constituit.
1097 1274 1108 1296 ,

55 1324 114 1368 neo
136 1325 290 1388 umquam
314 1304 491 1380 debitetum
510 1308 570 1386 est,
594 1310 669 1388 quin
696 1305 727 1368 id
756 1306 837 1390 legis
861 1310 960 1369 vicem
984 1305 1067 1388 opti-

54 1394 139 1459 nest

424 1480 474 1546 De
496 1483 694 1547 desuetudine.

145 1597 176 1661 2.
208 1594 248 1660 D.
278 1597 307 1681 l,
334 1597 364 1680 3,
392 1597 498 1678 321.
528 1595 671 1662 Iulianus
704 1597 787 1662 libro
815 1595 983 1664 LXXXIV
1011 1597 1081 1665 Di·¹

56 1687 232 1769 gestorum.
264 1722 307 1731 —
424 1686 502 1749 illud
534 1691 697 1770 receptum
728 1691 789 1770 est,
822 1691 859 1751 ut
886 1690 976 1770 leges
1005 1708 1068 1752 non

57 1773 164 1838 solum
183 1771 339 1858 suffragio
359 1774 440 1858 legis
455 1773 578 1858 istorio,
602 1775 657 1839 sed
677 1775 775 1839 etism
793 1777 892 1841 tacito
913 1797 1068 1842 consensu

56 1861 203 1926 omnium
226 1882 283 1945 per
306 1862 545 1926 desuetudinem
569 1863 776 1949 abrogentur.

19 1966 23 1971 ’
147 1949 177 2014 3.
201 1948 240 2015 D.
258 1950 311 2035 48,
325 1952 355 2035 3,
372 1953 466 2032 llpr.
490 1949 603 2017 Celsus
622 1954 706 2017 libro
725 1954 916 2037 trigensimo
931 1953 1067 2036 septimo

57 2037 273 2124 Digestorum.
302 2076 345 2086 -—
375 2039 450 2105 Non
478 2043 539 2104 est·
555 2040 697 2126 dubium,
726 2043 810 2125 quin,
840 2042 1068 2125 cuiuscumque

57 2134 109 2191 est
121 2127 306 2213 provinciae
325 2123 430 2211 homo,
450 2129 506 2212 qni
524 2150 562 2193 ex
579 2129 725 2194 custodie
743 2132 936 2214 producitur,
950 2150 1068 2213 cogno·
1113 2148 1116 2153 ·

58 2236 148 2280 soere
172 2215 287 2280 debeat
308 2218 346 2298 is,
369 2216 424 2301 qui
451 2218 481 2281 ei
499 2218 681 2301 provintiae
699 2221 837 2302 praeest,
859 2220 893 2283 in
912 2240 975 2301 qua
995 2239 1071 2301 pro:

57 2303 166 2393 vincio
188 2305 302 2390 agitur.
807 2305 810 2313 “
1067 2327 1073 2339 ·

352 2395 381 2459 2.
405 2395 460 2459 Ad
483 2395 542 2459 ius
566 2396 770 2479 privatum.

410 2516 443 2606 a)
467 2495 589 2585 Atius
613 2520 713 2585 civile.

430 2632 480 2699 De
503 2637 695 2700 testamentis.

60 2758 65 2771 ·
151 2739 181 2804 4.
205 2739 319 2823 Gne,
335 2738 407 2805 105.
429 2778 468 2787 —
489 2740 528 2804 In
546 2743 680 2806 testibus
698 2791 727 2807 ..
746 2763 808 2806 non
832 2741 927 2806 debet
949 2748 976 2805 is
1000 2763 1069 2806 esse
1116 2798 1120 2809 .
1183 2720 1191 2739 ⁸

61 2828 118 2912 qui
141 2829 182 2892 in·
199 2832 359 2912 potestate
384 2832 433 2893 est
461 2834 518 2893 eut
539 2830 684 2894 familiae
713 2832 867 2913 emptoris
892 2834 947 2894 aut
969 2830 1069 2913 ipsius

59 2917 232 3001 testetoris‚
256 2917 331 3001 quia
434 2922 539 2982 totum
567 2919 628 2983 hoo
656 2921 821 3002 negotium
853 2919 939 3002 quod
963 2920 1071 3004 agitur
1143 2918 1150 2926 ’

60 3004 250 3070 testamenti
282 3006 454 3070 ordinandi
487 3007 604 3091 gratie,
641 3008 780 3072 ereditur
811 3008 895 3071 inter
927 3007 1072 3071 familiae

61 3102 242 3181 emptorem
274 3096 327 3178 egi
360 3099 393 3159 et
423 3099 688 3160 testatorem
720 3096 828 3180 itaque
860 3096 1069 3179 reprobatum

60 3187 111 3248 est
132 3183 167 3247 in
190 3205 226 3247 ee
249 3205 283 3247 re
307 3182 516 3248 domesticum
537 3185 767 3249 testimonium.

153 3272 182 3336 5.
218 3270 287 3336 Gai.
316 3273 346 3354 2,
372 3270 443 3336 117.
479 3309 515 3319 -
551 3271 711 3337 Solemnis
740 3323 772 3337 ..
800 3272 962 3337 institutio
990 3273 1070 3337 haee

62 3367 113 3425 est
137 3358 253 3424 ‘Titius
275 3360 367 3425 heres
386 3361 476 3426 esto'.
501 3361 555 3425 sed
579 3365 612 3425 et
633 3362 689 3426 illa
712 3364 776 3425 iam
796 3362 1005 3446 comprobate
1025 3363 1071 3425 vi·
1180 3381 1183 3387 ·

61 3449 156 3514 detur
184 3448 318 3513 ‘Titium
351 3449 499 3514 heredem
532 3473 601 3514 esse
633 3450 748 3515 iubeo'.
780 3456 812 3514 et
839 3450 900 3532 ille
922 3473 986 3514 non
1020 3454 1071 3514 est

63 3538 277 3623 comprobate
301 3537 434 3603 ‘Titium
462 3539 609 3604 heredem
638 3560 707 3604 esse
735 3539 833 3605 volo'.
858 3541 920 3605 set
944 3545 982 3602 et
997 3540 1080 3604 'ittse
