2422 3976
368 199 394 249 s.
416 190 625 248 mvoisaas
643 192 791 249 sarsoris
1019 192 1084 259 411

69 356 147 421 dam
181 354 373 439 muliebrem
408 360 591 421 ornamenta
622 357 740 435 omnia,
777 377 892 421 aunum
923 363 1086 442 arquatum

69 444 153 527 quod
185 444 252 509 eius
282 463 378 509 cansa
407 444 526 526 foetum
549 448 759 527 paratumque
789 445 903 529 es[se]t
929 467 1017 511 omne
1046 446 1085 513 do

70 532 157 617 tsyo’.
208 532 371 598 mantus
401 532 475 598 baeu
504 533 596 598 verba
628 533 722 615 ‘quod
751 535 817 599 eius
843 554 939 600 eausa
963 535 1085 616 foetum

64 624 276 705 parmam
296 621 350 687 est’
374 623 418 685 od
435 642 550 687 aarum
567 627 597 687 et
612 628 774 705 arquatum
792 625 956 688 dumtaxat
972 623 1086 703 rasari

65 714 174 795 putat,
196 708 349 775 Proadus
371 712 414 774 ad
434 712 554 789 omnia,
576 712 658 793 quod
678 716 708 776 et
727 733 832 777 oerum
854 716 905 777 est.

159 798 213 865 30.
237 798 276 863 D.
286 799 340 883 32,
348 799 391 864 29
400 821 446 883 pr.
484 798 593 864 Labeo
611 800 696 865 libro
712 800 852 865 seeundo
867 802 1085 883 posteriorum

72 910 91 953 a
111 887 268 953 Iauoleno
292 888 552 972 epitomatorum.
574 924 619 934 -
643 888 704 969 Qui
726 889 926 954 concubinam
947 889 1084 972 babebat,

71 978 231 1043 simmam
248 977 369 1058 prioris
390 977 574 1042 asamona
595 979 741 1042 mundam
758 979 890 1063 dederat,
912 978 1019 1043 deinde
1037 979 1085 1042 ito

72 1064 202 1149 imaoit:
232 1064 353 1130 ‘uestem
383 1086 461 1147 quae
491 1066 558 1131 eius
589 1086 685 1131 eausa
717 1071 817 1148 empta
842 1072 963 1149 parata
989 1066 1085 1132 esset'.

74 1152 241 1221 Oasodlisss
264 1153 426 1218 Trebatius
451 1159 565 1237 neoant
590 1156 619 1219 ei
642 1155 741 1219 deberi
758 1156 878 1237 prioris
900 1155 1084 1221 amaumnae

71 1262 167 1310 baasa
174 1249 306 1327 parata,
321 1243 469 1326 quamvis
483 1244 550 1308 alia
562 1244 698 1308 mndiaio
711 1248 787 1309 esset
798 1245 833 1308 in
846 1264 948 1309 uaore.
981 1244 1083 1309 Labeo

71 1332 105 1397 id
119 1352 186 1399 non
198 1332 321 1415 probat,
338 1332 413 1414 quia
430 1333 466 1395 in
483 1332 548 1397 eius
565 1333 650 1397 modi
672 1333 768 1414 ieaato
790 1354 854 1397 non
872 1334 922 1398 ins
936 1334 1084 1398 uomitum

71 1421 269 1505 oaqamdm
304 1422 358 1486 sad
391 1420 550 1486 uerborum
586 1422 795 1502 interpretatio
831 1427 906 1487 esset
937 1422 1084 1504 facienda

72 1509 210 1593 idsmw
235 1508 281 1573 od
306 1511 342 1573 in
369 1509 438 1590 fitia
463 1509 511 1573 vd
536 1510 573 1574 in
598 1510 732 1592 qualibet
758 1510 825 1575 alia
846 1530 981 1593 persona
1004 1511 1085 1576 iuris

24 1628 31 1635 ·
72 1602 152 1665 asu.
196 1598 350 1663 Labaoms
371 1599 520 1663 sententia
541 1619 613 1663 aera
635 1603 684 1663 est.

160 1686 213 1751 31.
237 1685 275 1751 D.
291 1687 344 1767 33,
357 1686 389 1769 b,
402 1686 454 1750 20.
490 1685 598 1751 Labeo
614 1688 698 1753 libro
713 1687 853 1752 secundo
868 1688 1084 1770 posteriorum

74 1796 93 1839 a
120 1774 276 1840 Iavoleno
314 1775 573 1858 epitomatorum.
607 1810 648 1822 -
680 1776 778 1857 Apud
807 1776 972 1859 Aufidium
1007 1777 1084 1842 bibra

68 1865 173 1946 primo
200 1884 388 1947 responsum
410 1868 465 1944 est,
495 1885 565 1929 orum
587 1865 633 1929 ita
655 1866 786 1947 leuatum
809 1870 867 1930 est:
896 1864 1084 1931 ‘vestimenta

71 1972 150 2035 qaae
166 1952 245 2017 ooiet
261 1953 437 2018 tristimonio
455 1953 568 2017 sumito
585 1953 700 2035 sibique
716 1952 843 2036 babetu’,
864 1954 894 2018 si
912 1955 940 2018 is
958 1955 1085 2019 didisset

71 2061 150 2125 auae
175 2041 274 2127 odiat,
301 2042 421 2119 deinde,
448 2045 614 2123 antequam
641 2062 677 2105 aa
699 2048 841 2126 sumuet,
868 2042 935 2107 alia
957 2062 989 2107 se
1009 2043 1084 2107 odie

71 2130 217 2214 dixisset,
248 2135 369 2195 mutare
398 2130 583 2195 voluntatem
619 2151 689 2195 eum
723 2151 787 2195 non
819 2150 920 2212 posse,
951 2135 988 2194 ut
1016 2132 1084 2196 aiio

71 2224 217 2301 sumeret,
252 2219 329 2302 qaia
360 2239 447 2284 omne
480 2220 529 2284 ius
561 2220 651 2302 tanati
675 2221 786 2301 prima
817 2220 984 2297 testatione,
1020 2240 1083 2300 aaa

71 2326 192 2373 mnae
221 2327 254 2372 se
284 2309 423 2387 dinissd,
454 2308 640 2389 consumpsit
665 2307 831 2391 [quoniam
861 2328 909 2373 ms
939 2309 1083 2374 euntium

70 2398 138 2463 ains
159 2398 205 2481 fit,
227 2396 323 2462 simui
344 2417 382 2461 aa
403 2397 432 2461 si
454 2397 569 2461 dixerit
589 2417 658 2461 eam
679 2396 823 2480 sumere]

436 2588 484 2647 De
505 2605 586 2647 servo
610 2590 708 2662 leuato.

160 2698 213 2763 32.
236 2696 275 2762 Ι).
287 2695 466 2781 32,100pr.
494 2696 663 2762 Iavolenus
678 2696 763 2761 libro
777 2696 918 2761 seeundo
929 2719 968 2762 ax
977 2700 1083 2780 posis·

68 2786 212 2853 rioribus
235 2786 406 2851 Labeonis.
432 2820 470 2832 -
495 2784 607 2851 ‘Heres
633 2805 718 2851 meus
744 2786 877 2850 damnas
902 2791 963 2851 esto
986 2786 1083 2851 lamio

71 2874 158 2941 Titia
189 2874 330 2940 Stiabum
361 2895 482 2940 aruum
512 2895 613 2938 nuum
644 2872 776 2939 reddere'
809 2874 855 2938 oei
885 2874 949 2939 ita:
981 2873 1083 2939 ‘ittam

66 2984 193 3030 savam
219 2984 322 3028 meum
349 2963 400 3028 itii
425 2961 563 3028 reddito'.
608 2961 773 3028 Gasadiius
799 2963 847 3027 ait
868 2964 968 3028 deberi
989 2983 1084 3045 noque

67 3054 105 3119 id
124 3052 229 3119 Labeo
255 3053 422 3135 improbat,
448 3053 524 3133 quia
550 3052 604 3133 qui
631 3052 753 3116 addae
776 3051 912 3134 iubetur,
939 3052 1033 3118 simed
1054 3056 1084 3116 et

64 3144 145 3209 aare
166 3140 295 3206 iubetur.

159 3253 250 3313 Ratio
274 3247 358 3330 ‘quia
377 3299 383 3312 .
399 3299 405 3312 .
423 3246 557 3312 iubetur'
581 3271 763 3330 quamquam
785 3271 804 3311 s
820 3251 961 3313 Iauoleno
980 3249 1084 3310 addita

66 3344 203 3419 videtur,
215 3342 255 3415 Π,
273 3346 288 3400 1
305 3362 333 3417 p.
351 3344 413 3401 194
438 3341 537 3400 omini
559 3360 619 3401 non
642 3341 752 3400 debuit.

162 3461 216 3526 33.
238 3459 278 3525 D.
288 3461 340 3540 32,
350 3460 402 3544 29,
412 3460 440 3525 3.
478 3458 586 3524 Labeo
605 3460 689 3524 libro
709 3459 848 3525 seeundo
867 3457 1082 3541 posteriorum

66 3572 89 3615 a
111 3549 268 3615 Iavoleno
287 3547 547 3634 epitomatorum.
566 3585 611 3595 -
630 3547 668 3615 Si
685 3549 768 3614 iteres
786 3549 843 3613 tibi
862 3567 947 3614 semo
966 3566 1095 3630 aeneia
