2422 3976
449 196 474 245 o.
497 188 615 244 TITIUS
634 189 764 247 ARISTO
1047 191 1112 256 365

121 372 148 413 er
167 354 281 417 Plautio
310 349 357 438 (D.
380 359 432 434 23,
452 359 482 434 2,
501 351 571 437 40),
602 357 796 436 Digestorum
823 352 874 440 (D.
894 360 923 432 4,
943 362 972 437 4,
993 363 1043 436 16,
1063 352 1111 441 2),

120 439 260 506 lariorum
282 445 460 506 Lectionum
484 438 535 527 (D.
550 447 601 521 40,
616 449 645 524 4,
661 440 718 529 26)
741 447 801 506 4144
823 448 946 508 addidit.

427 618 478 684 Dc
499 623 624 684 4444444
645 621 777 684 decretae

189 728 217 792 1.
240 724 323 792 Plin.
333 747 380 809 ep.
389 723 482 805 VIII,
494 727 543 790 14.
570 762 607 773 -
634 723 668 791 Ο.
691 726 815 791 Plinius
840 726 986 792 Aristoni
1009 749 1113 792 suos.

115 808 182 879 Cum
204 814 251 880 sis
273 814 490 900 peritissimus
514 819 546 879 44
567 815 687 899 privati
710 815 790 879 iuris
814 820 846 879 et
867 816 999 900 publici,
1022 816 1113 881 cuius

111 921 175 984 pura
202 903 404 969 senatorium
432 907 495 986 est,
523 903 617 987 cupio
647 926 685 967 ex
710 907 743 968 te
766 903 971 988 potissimum
995 905 1114 988 audire,

112 992 1113 1078 444444444444444444444444444444444444444444444,

109 1100 207 1147 serum
230 1081 332 1163 enim,
355 1102 467 1146 verum
490 1087 527 1145 ut
549 1081 584 1145 iu
606 1081 760 1165 futurum,
784 1083 812 1146 si
835 1083 912 1167 quid
935 1082 1040 1147 simile
1063 1083 1113 1146 in-

108 1169 223 1254 ciderit,
246 1170 439 1235 erudiar
462 1174 548 1255 pcto,
570 1171 710 1253 primum
734 1175 769 1235 ut
792 1171 903 1254 errori,
926 1171 1043 1256 siquis
1063 1176 1113 1236 est

106 1278 197 1344 error,
215 1259 342 1324 tribuas
360 1260 497 1343 veniam,
517 1258 631 1323 deinde
652 1259 808 1324 medearis
828 1259 914 1324 scien
916 1260 963 1324 tia
916 1263 1043 1345 4444,
1061 1262 1113 1324 444

53 1376 55 1409 ι
105 1366 228 1433 semper
260 1347 324 1412 fuit
355 1369 449 1412 curae
482 1348 529 1413 sic
561 1348 633 1412 iura
663 1348 795 1431 publiea
825 1352 863 1413 ut
893 1348 1034 1432 privata,
1067 1349 1113 1415 sic

103 1437 233 1522 antiqua
251 1441 289 1501 44
306 1435 458 1519 recentia,
477 1436 523 1501 sic
537 1458 612 1502 rara
626 1439 663 1501 ut
678 1437 836 1501 assiduat
822 1441 971 1502 t.ractare
1009 1437 1113 1523 adque

103 1546 161 1611 ego
186 1525 328 1591 arbitror
346 1525 412 1589 illis
432 1526 532 1590 etiam
551 1525 667 1608 quibus
685 1526 898 1609 plurimarum
917 1548 1024 1590 rerum
1044 1526 1114 1612 agi-

100 1615 182 1680 tatio
199 1613 364 1767 frequens
395 1613 477 1678 nihil
510 1635 579 1678 esse
612 1615 761 1699 ignotum
792 1615 979 1699 patiebatur
1011 1636 1112 1701 genus

100 1725 198 1789 quaes
199 1703 300 1767 tionis
332 1701 418 1788 quod
449 1702 558 1767 adfero
587 1702 627 1766 ad
655 1709 688 1768 tc
716 1708 772 1768 aut
798 1725 864 1768 non
892 1705 971 1770 satis
999 1705 1113 1770 tritum

99 1796 156 1858 aut
180 1791 281 1856 etiam
303 1791 507 1874 inexpertum
530 1791 630 1856 fuisse

187 1879 402 1946 Referebatur
434 1881 473 1944 de
504 1880 632 1945 libertis
661 1881 776 1946 Afrani
802 1879 916 1946 Dextri
945 1879 1114 1965 consulis1,

97 1971 261 2035 incertum
289 1991 347 2034 444
375 1991 418 2034 44
446 1991 576 2034 sucrum
603 1991 715 2054 mauu,
743 1971 861 2034 scelere
889 1992 930 2034 an
959 1971 1113 2053 obsequio

96 2059 269 2143 perempti.
299 2058 360 2123 hos
381 2057 475 2142 alius,
494 2058 587 2141 quis?
606 2059 728 2144 inquis:
750 2078 824 2143 ego,
839 2059 893 2122 sed
908 2058 991 2122 nihil
1005 2060 1114 2142 refert,

96 2151 176 2233 post
195 2147 418 2232 quaestionem
437 2147 596 2231 supplicio
613 2147 807 2228 liberandos,
827 2147 909 2211 alius
924 2147 958 2210 in
973 2147 1113 2211 insulam

96 2235 302 2322 relegandos,
315 2236 398 2300 alius
414 2243 517 2301 morte
532 2235 710 2320 puniendos
725 2234 953 2300 arbitrabatur.
978 2257 1113 2318 quarum

97 2325 334 2390 sententiarum
357 2328 452 2388 tanta
475 2324 644 2389 diversitas
667 2332 736 2389 erat
754 2329 873 2388 utnon
890 2327 1025 2407 possent
1043 2344 1113 2388 esse

98 2414 163 2479 nisi
192 2413 340 2498 singulae
439 2433 499 2498 ego
527 2413 735 2497 postulabam
757 2417 795 2477 ut
817 2413 920 2476 tribus
945 2412 1113 2476 sententiis

99 2507 267 2569 constaret
290 2524 366 2567 4444
389 2523 551 2586 numerus,
573 2523 633 2566 444
657 2524 690 2566 44
709 2502 860 2566 brevibus
879 2499 1013 2564 indutiis
1033 2500 1113 2565 duae

98 2592 282 2677 iungerent
332 2591 501 2674 exigebam
535 2611 611 2674 ergo
643 2595 680 2654 ut
713 2591 768 2674 qui
796 2589 928 2672 capitali
956 2589 1113 2673 supplicio

100 2679 296 2746 adliciendos
310 2681 472 2765 putabant
486 2679 686 2744 discederent
698 2679 899 2764 arelegante,
913 2698 973 2741 nec
982 2677 1113 2743 interim

100 2772 216 2835 contra
235 2768 433 2833 absolventis
452 2790 527 2833 mox
546 2768 723 2831 dissensuri
737 2771 1020 2852 congregarentur,
1038 2767 1114 2850 quia

98 2858 271 2945 parvolum
290 2856 424 2921 referret
443 2879 484 2921 an
503 2856 587 2921 idem
607 2856 801 2940 displiceret,
816 2856 931 2938 quibus
945 2877 1011 2921 non
1027 2856 1112 2921 idern

99 2946 287 3031 placuisset
329 2944 408 3010 illud
432 2945 528 3009 etiam
553 2944 632 3008 mihi
655 2945 831 3028 permirum
853 2943 1021 3009 videbatur
1039 2966 1113 3009 eum

101 3035 248 3120 quidem,
275 3034 330 3118 qui
353 3034 486 3098 libertos
509 3034 715 3118 relegandos,
743 3055 852 3098 servos
876 3034 1035 3118 supplicio
1059 3034 1113 3097 ad·

99 3122 257 3190 ficiendos
280 3123 466 3206 censuisset,
489 3127 635 3187 eoactum
658 3144 727 3186 4444
748 3122 889 3187 dividere
908 3122 1113 3203 sententiam,

99 3212 188 3278 bunc
209 3216 318 3277 autem
337 3211 392 3294 qui
410 3210 544 3276 libertos
563 3215 667 3275 morte
686 3210 840 3276 multaret
858 3233 930 3276 cum
948 3212 1112 3295 relegante

100 3301 275 3366 numerari.
311 3322 388 3365 nam
411 3300 439 3365 si
461 3301 659 3384 oportuisset
678 3299 776 3364 dividi
796 3300 990 3365 sententiam
1008 3299 1113 3382 unius,

102 3391 178 3475 quia
201 3411 253 3454 res
276 3389 355 3454 4444
379 3389 678 3474 comprehendebat,
700 3411 766 3454 non
787 3388 986 3474 reperiebam
1006 3408 1112 3470 quem-

173 3568 199 3618 1.
218 3563 376 3633 quia105
395 3562 507 3620 videtur
524 3563 599 3620 diem
618 3581 778 3634 supremum
798 3562 910 3620 obiisse.
