2422 3976
449 172 473 222 7.
492 164 679 223 PROOULUS
1006 167 1071 231 149

59 352 133 396 mea
166 329 319 413 interest,
351 332 472 414 quanto
505 330 547 394 ob
578 329 613 394 id
644 330 784 396 deterior
816 335 878 415 est,
910 335 943 395 et
975 352 1072 415 quam

60 419 225 485 actionem
254 417 354 484 semel
385 438 424 483 ex
452 419 606 501 stipulatu
632 418 751 484 habere
778 420 882 505 coepi,
914 441 985 484 eam
1013 440 1072 484 nec

60 508 223 573 evictione
244 528 303 572 neo
325 511 430 572 morte
451 528 511 572 neo
534 508 786 573 manumissione
808 530 867 574 neo
889 507 968 593 fuga
986 508 1071 573 servi

58 618 120 662 nec
138 596 209 662 ulla
227 595 326 661 simili
344 617 443 661 cansa
461 595 581 679 amitt13
601 601 635 661 at
654 597 734 660 siin
754 596 849 662 bonis
867 597 947 661 meis
965 596 1070 662 factus

58 707 127 751 non
155 686 213 765 sit,
239 684 321 749 nihil
348 684 390 750 ob
418 705 457 748 ea
483 683 673 768 pauperiorl
699 685 775 769 sim,
801 688 915 769 utpote
942 707 1015 751 cum
1038 686 1072 749 in

58 773 157 840 bonis
179 773 261 838 meis
279 794 346 838 non
364 773 417 838 eit.
454 773 587 857 quodsi
606 794 720 838 sanum
739 794 817 856 esse,
841 794 987 839 erronem
1005 795 1072 838 non

61 883 134 927 esse
156 860 330 946 stipulatus
353 883 467 944 essem,
489 865 617 926 tantum
639 884 711 928 maa
728 862 893 944 interesse,
916 865 1072 947 quantum

61 951 102 1016 ad
134 953 338 1036 praesentem
370 971 464 1016 usum
494 951 681 1034 pertineret,
713 950 844 1016 tametsi
870 950 905 1015 in
933 951 1072 1015 obscuro

61 1045 163 1122 esset,
188 1041 303 1122 utpote
325 1038 550 1124 ignorantibus
573 1039 682 1121 nobie,
709 1038 861 1123 quamdiu
886 1060 958 1104 eum
980 1037 1072 1101 habi·

59 1131 155 1192 turus
184 1148 288 1191 essem
315 1132 349 1191 et
376 1149 418 1191 an
445 1127 588 1192 futurum
616 1130 713 1211 esset,
741 1133 778 1192 ut
806 1148 878 1190 eum
904 1126 1073 1211 quisquam

61 1219 120 1281 aut
148 1236 169 1280 a
195 1236 247 1280 me
275 1219 332 1280 aut
358 1216 400 1280 ab
429 1237 467 1280 eo
495 1217 545 1281 cui
572 1212 787 1281 vendidissem
810 1217 900 1281 cuive
925 1215 1074 1279 similiter

58 1304 284 1389 promisissem
303 1304 471 1369 evinceret.
511 1326 671 1369 summam
691 1311 798 1369 autem
817 1304 976 1387 opinionis
996 1323 1073 1368 suas

59 1394 148 1458 hanc
180 1413 264 1477 esse,
294 1395 486 1457 attentum
515 1415 554 1458 ex
581 1415 619 1458 ea
647 1393 858 1478 stipulatione
886 1413 1074 1476 consequar,

61 1480 178 1567 quenti
203 1503 275 1545 mea
296 1480 426 1546 intersit
448 1485 504 1546 aut
525 1486 602 1567 post
624 1482 868 1566 stipulationem
891 1480 1072 1545 interfuerit

61 1590 138 1635 eum
161 1588 289 1636 servum
312 1569 485 1654 fugitivum
507 1591 573 1635 non
598 1568 697 1635 esse.l

151 1659 207 1723 41.
233 1658 273 1723 D.
290 1659 344 1741 42,
364 1659 393 1741 8,
407 1658 460 1738 25,
478 1658 508 1724 5.
553 1657 728 1724 Venuleius
750 1659 833 1724 libro
857 1661 948 1724 sexto
970 1657 1074 1722 Inter·

62 1746 225 1812 dictorum
258 1745 307 1832 (Ρ.
326 1744 409 1833 27¹²).
440 1784 482 1794 -
515 1747 669 1812 Proculus
701 1747 760 1832 ait,
792 1748 820 1811 si
851 1747 968 1811 mulier
998 1750 1076 1832 post

61 1836 300 1902 alienationem
327 1837 509 1920 conceperit
538 1839 572 1900 et
599 1841 770 1921 antequam
794 1839 956 1920 ageretur,
978 1856 1074 1918 pepe·

63 1926 159 2004 retii,
191 1924 316 1989 nnllam
340 1944 410 1988 esse
434 1924 680 2008 dubitationem,
711 1925 787 2010 quin
809 1929 922 2009 partus
945 1922 1073 1987 restitui

61 2035 127 2078 non
153 2012 281 2096 debeat3
306 2012 334 2077 si
357 2034 443 2096 vero,
466 2035 538 2077 cum
562 2014 766 2097 alienaretur,
788 2033 949 2098 praegnas
967 2011 1077 2094 fuerit,

61 2123 160 2190 posse
183 2101 247 2166 dici
268 2105 399 2186 partum
422 2122 547 2187 quoque
571 2102 698 2168 restitui
721 2107 878 2186 oportere.

426 2312 470 2367 Dc
487 2312 581 2366 insula
598 2312 717 2367 condita.

151 2421 205 2485 42.
228 2415 267 2484 D.
281 2418 334 2501 20,
349 2419 380 2503 4,
396 2420 445 2484 13.
481 2419 603 2485 Paulus
618 2420 702 2485 libro
718 2421 831 2505 quinto
847 2418 886 2484 ad
901 2416 1075 2481 Plautium.

64 2545 103 2556 -
124 2502 271 2573 Insulam
293 2508 354 2572 tibi
372 2508 500 2574 vendidi
520 2518 551 2573 et
569 2508 636 2574 dixi
654 2510 771 2592 prioris
792 2509 867 2572 anni
886 2506 1074 2591 pensionem

63 2592 153 2682 m1lri,
177 2598 379 2682 sequentium
401 2597 462 2662 tibi
487 2619 686 2662 accessuram
709 2599 945 2682 pignorumque
966 2594 1006 2657 ab
1025 2593 1074 2657 in·

65 2686 187 2770 qmlino
212 2687 361 2750 datorum
381 2685 431 2750 ius
450 2688 621 2771 utrumque
642 2691 832 2751 secuturum.
870 2683 978 2748 Nerva
998 2682 1074 2748 Pro-

63 2773 166 2860 culus,
187 2773 252 2838 nisi
274 2774 313 2839 ad
332 2776 501 2858 utramque
520 2775 707 2858 pensionem
726 2775 861 2859 pignora
880 2771 1075 2854 sufficerent,

63 2863 114 2928 ius
137 2863 281 2928 omnium
304 2863 478 2946 pignorum
501 2864 641 2946 primum
664 2863 703 2926 ad
727 2885 777 2927 me
801 2863 973 2946 pertinere,
997 2861 1074 2946 quia

63 2951 145 3017 nihil
169 2954 281 3034 aperte
305 2950 425 3015 dictum
451 2955 609 3032 eccetan
634 2952 844 3015 communiter
867 2973 905 3016 ex
924 2950 1074 3014 omnibus

64 3040 258 3126 pignoribus
286 3061 413 3104 summa
439 3063 498 3124 pro
526 3044 597 3104 rata
624 3046 784 3125 servetur,
812 3040 838 3104 si
867 3039 942 3123 quid
966 3058 1074 3120 super-

65 3133 168 3213 esset,
190 3127 231 3192 ad
253 3131 296 3195 te.
592 3136 596 3141 ’

135 3325 150 3374 1
171 3318 222 3374 Fe
241 3320 277 3374 ob
296 3335 329 3375 ea
348 3320 423 3390 qnod
442 3321 578 3390 fugitivus
598 3321 634 3376 eit
652 3319 806 3390 pauperior.

134 3397 151 3446 2
170 3392 259 3445 Lcnel
272 3387 301 3446 P.
317 3396 369 3461 399
384 3393 477 3447 notat:
499 3391 572 3446 ‘eum
593 3409 648 3446 non
667 3391 737 3446 esse'
754 3391 857 3460 gloss?
877 3407 913 3444 an
926 3403 976 3457 pro
993 3384 1076 3454 ‘fugi-

63 3462 152 3516 tivum
172 3478 230 3516 non
248 3461 320 3516 esse'
339 3462 381 3516 ita
399 3463 457 3518 fere
477 3479 541 3516 scu:
567 3461 728 3532 ‘fugitivum
746 3478 801 3516 non
820 3477 879 3515 esse
899 3475 997 3513 sanum
1017 3472 1076 3509 esse

64 3549 191 3588 erronem
210 3548 267 3586 non
286 3533 377 3588 esse’?
