2422 3976
104 201 169 265 298
206 201 240 256 V.
259 201 408 256 NERVAE
426 200 474 255 ET
491 200 642 256 TRAIANI
660 201 767 256 Tame.
785 201 881 257 IURIS
900 202 1084 258 CONSULTI

530 422 638 481 Liber
661 423 684 481 I.

510 539 561 606 Dc
583 541 698 624 lupatis.

435 653 481 711 Dc
502 655 657 726 usufructu
679 654 779 727 leuato.

192 756 220 819 1.
248 751 323 818 Vat.
342 753 379 817 fr.
399 755 419 833 ἐ
436 753 477 818 75
502 751 591 839 (Ulp.
613 754 634 817 l.
651 752 748 818 XVII
772 754 813 818 ad
837 752 935 840 Sat).
955 793 999 802 -
1024 757 1107 822 Idem

101 839 159 928 (sc.
182 838 340 929 lulianus)
369 842 424 925 ait,
452 846 484 906 et
511 842 538 906 si
570 843 732 906 communi
760 863 854 908 servo
878 846 912 907 et
935 849 1107 930 separatim

101 931 189 996 Titio
218 953 294 996 usus
323 932 446 996 finctus
469 930 597 1014 legatus
621 932 678 1015 sit,
706 932 861 995 amissam
884 939 1013 1016 partem
1037 957 1107 1000 usus

100 1020 224 1087 fructus
248 1041 313 1085 non
332 1019 371 1083 ad
392 1018 525 1101 Titium,
549 1020 602 1083 sed
622 1018 662 1083 ad
682 1021 786 1084 solum
807 1020 930 1085 socium
949 1024 1107 1106 pertinere

100 1109 216 1175 debere
251 1109 344 1192 quasi
377 1108 481 1172 solum
514 1108 731 1172 coniunctum.
786 1130 881 1192 quam
915 1112 1107 1177 sententiam

99 1219 202 1282 neque
225 1197 397 1262 Marcellus
423 1217 526 1279 neque
549 1196 769 1261 Mauricianus
795 1197 951 1284 probant,
979 1199 1107 1286 Papini·

99 1308 180 1352 anus
210 1308 338 1370 quoque
361 1285 445 1349 libro
468 1282 564 1349 XVII
588 1285 820 1361 Quaestionum
849 1286 890 1351 ab
919 1309 957 1352 ea
980 1289 1106 1354 recedit.

99 1396 180 1458 quae
205 1374 366 1439 sententia
383 1372 499 1438 Nerati
522 1373 629 1458 fuerit,
653 1377 703 1438 est
726 1374 811 1438 libro
831 1373 847 1437 Ι
866 1374 1104 1460 Responsorum

99 1463 246 1528 relatum.

186 1555 262 1616 Oum
289 1556 471 1633 Papinianus
497 1556 721 1632 Responsorum
747 1538 824 1616 libro
854 1557 952 1632 primo
977 1551 1025 1638 (P.
1045 1561 1100 1620 387

97 1637 223 1726 -407)
250 1662 308 1704 non
331 1644 367 1702 de
390 1644 513 1722 legatis,
542 1644 593 1704 sed
616 1644 683 1703 aliis
707 1644 855 1704 derebus
880 1649 965 1724 agat,
992 1646 1099 1707 Neratii

97 1732 175 1792 liber
197 1733 381 1809 designatur.

185 1836 215 1899 2.
238 1833 312 1900 Vat.
332 1834 370 1900 fr.
387 1834 427 1898 79
450 1832 538 1919 (Ulp.
558 1834 579 1898 l.
598 1833 693 1899 XVII
717 1834 757 1898 ad
781 1831 856 1899 Sat.
878 1834 914 1900 P.
930 1834 1039 1924 2564).
1059 1868 1093 1882 -

97 1921 251 1988 Neratius
270 1926 365 2006 putat
388 1945 513 1988 cessare
536 1922 587 1987 ius
607 1922 810 1987 adcrescendi
828 1923 912 1988 libro
931 1924 948 1989 I
967 1924 1091 2008 Respon-

96 2034 358 2182 sorumdequuntur
376 2105 461 2164 haec:
481 2100 578 2163 ‘cuius
596 2104 763 2164 sententiae
782 2105 922 2182 congruit
935 2107 1011 2167 ratio
1026 2100 1087 2165 Celsi

96 2195 223 2254 dicentis
246 2195 356 2254 totiens
379 2194 427 2252 ius
451 2194 641 2252 adcrescendi
664 2211 741 2266 esse,
768 2194 906 2270 quotiens
929 2195 961 2254 in
983 2194 1085 2258 duobus.

97 2284 148 2360 qui
172 2284 299 2342 solidum
322 2283 507 2356 habuerunt,
530 2301 676 2341 concursu
699 2282 812 2341 divisus
836 2275 901 2341 est'.

184 2373 219 2431 cf.
242 2373 279 2430 D.
295 2376 323 2449 7,
337 2374 368 2467 ᾗ
383 2374 400 2430 3
413 2392 455 2446 pr.

184 2475 213 2538 3.
237 2474 275 2537 D.
292 2475 320 2553 7,
336 2472 364 2554 1,
379 2473 421 2536 33
429 2494 477 2554 pr.
514 2471 709 2554 Papinianus
728 2471 812 2536 libro
828 2472 967 2554 septimo
983 2472 1082 2536 decim

95 2561 325 2636 Quaestionum
358 2558 407 2646 (P.
430 2559 519 2643 254).
547 2596 589 2606 -
623 2559 657 2623 si
689 2559 775 2623 Titio
807 2560 949 2644 fructus,
980 2554 1082 2624 Maecio

94 2652 276 2733 proprietas
304 2650 414 2734 legata
437 2649 480 2713 sit
504 2653 536 2712 et
558 2650 632 2712 vivo
656 2651 812 2712 testatore
836 2648 942 2713 Titius
966 2644 1082 2718 decedat,

94 2740 176 2802 nihil
201 2739 284 2822 apud
309 2738 463 2821 scriptum
486 2737 636 2800 heredem
659 2737 867 2820 relinquetur.
900 2740 934 2801 et
953 2739 984 2801 id
1002 2735 1081 2802 Nera·

94 2827 158 2890 tius
184 2849 309 2910 quoque
332 2827 507 2909 respondit.

182 2920 311 2980 Videtur
333 2921 535 2996 fragmentum
558 2920 627 2977 huic
651 2920 727 2978 libro
752 2919 987 2980 attribuendum.

438 3090 488 3155 De
509 3092 758 3172 fideicommissis.

181 3201 211 3262 4.
241 3198 277 3262 D.
293 3198 345 3278 35,
361 3198 389 3279 1,
404 3199 457 3277 43,
472 3198 501 3261 3.
546 3196 665 3260 Paulus
695 3197 778 3260 libro
807 3202 922 3262 octavo
947 3200 987 3263 ad
1008 3200 1082 3265 Plau·

92 3288 173 3350 tium
195 3285 243 3373 (P.
262 3283 371 3370 1156).
390 3322 425 3330 -
449 3285 600 3350 Neratius
623 3284 707 3349 libro
731 3285 835 3367 primo
860 3286 1082 3370 Responsorun

93 3375 219 3458 scribit,
248 3397 286 3438 ex
314 3372 437 3437 duobus
462 3374 590 3456 scriptis
613 3373 784 3437 heredibus
809 3375 837 3437 si
861 3397 944 3440 unus
968 3382 1083 3464 rogatus

94 3465 137 3527 sit
155 3464 216 3528 tibi
230 3462 443 3526 hereditatem
458 3465 636 3543 restituere,
651 3466 687 3525 tu
702 3461 787 3525 Titio
804 3466 927 3528 certam
942 3482 1083 3531 summam

92 3552 181 3634 dare,
206 3556 238 3615 et
261 3550 415 3614 beneficio
439 3551 520 3635 legis
544 3549 705 3614 Falcidiae
729 3551 762 3613 in
785 3552 985 3619 restituendo
1008 3556 1085 3619 heres
