2422 3976
3 212 6 217 -
96 179 159 243 108
172 174 1111 234 uueruonnuuuuusou.umanuunnrruarscons.

96 364 224 406 servum
246 340 472 406 manumittere
493 340 592 405 vellet
609 362 669 405 neo
686 340 808 406 iustam
826 361 957 405 causam
976 339 1018 405 sd
1036 362 1111 407 eon·

96 431 204 495 silium
224 428 472 494 manumittendi
485 429 631 511 haberet,
648 429 710 493 tibi
724 450 799 494 eum
812 433 850 494 ut
863 429 1112 495 manumittetur

94 518 250 602 <fiduciae
268 540 365 583 eausa
383 518 567 602 mancipio>
586 516 688 583 dedit:
706 517 841 602 negarit
857 539 934 582 eum
954 516 1110 585 Proculus

93 608 232 671 liberum
256 628 339 690 esse,
362 606 515 690 quoniam
542 607 630 671 fraus
654 607 721 692 legi
744 608 833 671 faeta
855 610 949 671 esset.

184 717 251 779 Gai.
266 722 293 797 1,
308 721 360 779 38.
402 712 421 777 ‘.
436 763 443 777 .
457 718 562 778 eadem
584 713 663 795 lege'
687 737 726 778 se.
749 717 839 778 Aelia
862 716 968 777 Sentis
990 712 1110 779 ‘minori

95 808 149 867 XX
172 826 318 867 annorum
342 807 460 867 domino
484 826 544 867 non
567 807 655 867 aliter
677 806 891 866 manumittere
911 807 1109 884 permittitur,

95 917 184 973 quam
207 897 341 957 vindicta
363 895 444 972 apud
467 896 625 955 eonsilium
647 896 728 955 iusta
751 914 842 955 eausa
866 895 1107 956 manumissionis
1148 950 1150 957 .

95 979 280 1062 adprobata'.
326 985 362 1044 of.
385 984 508 1044 Perniee
531 984 591 1063 III,
611 986 672 1045 301
698 1004 726 1043 n.
742 987 771 1045 3.

391 1147 442 1213 De
462 1148 610 1231 emptione
631 1149 811 1214 venditione.

184 1273 214 1338 s.
236 1272 482 1358 n.21,1‚1r‚4.
517 1268 677 1355 Ulpianus
691 1271 778 1337 nuo
792 1271 898 1358 primo
913 1270 955 1336 aa
970 1271 1104 1336 sarsum
1148 1234 1150 1279 ²

95 1361 246 1426 aedilium
272 1362 439 1426 curulium.
466 1398 503 1407 —
529 1360 619 1426 Idem
643 1359 701 1448 (se.
725 1359 899 1445 Vivianus)
924 1360 985 1425 sit:
1012 1361 1105 1425 inter-

95 1455 231 1535 rogatus
261 1449 418 1516 Proculus
451 1449 489 1514 de
522 1471 559 1515 eo
593 1449 648 1534 qui
679 1450 768 1514 domi
800 1449 952 1514 latuisset
984 1448 1019 1513 in
1050 1448 1107 1513 boe

96 1539 230 1617 scilieet,
264 1541 300 1602 ut
333 1539 430 1624 fugae
457 1542 573 1604 neotus
603 1539 805 1603 occasionem
833 1560 869 1603 se
896 1536 1107 1619 subtraheret,
1141 1540 1144 1545 '

95 1629 155 1712 ait,
182 1628 314 1691 tametsi
336 1627 448 1711 fugere
471 1649 537 1692 non
558 1631 671 1712 posset
693 1626 805 1712 videri,
829 1626 885 1710 qui
909 1626 1000 1691 dorni
1024 1646 1107 1691 man·

98 1716 203 1798 sisset,
225 1719 335 1779 tamen
360 1737 433 1780 eum
455 1714 632 1802 fugitivum
655 1715 769 1799 luisse3
793 1716 844 1780 sin
867 1719 976 1779 autem
995 1715 1031 1779 in
1049 1713 1107 1780 hoo

95 1809 223 1869 tanturn
244 1804 402 1886 latuisset,
426 1805 532 1889 quoad
551 1805 719 1870 iracundia
738 1804 861 1869 domini
880 1803 1106 1885 effervesceret,

96 1894 269 1976 fugitivum
297 1914 361 1958 non
392 1914 477 1975 esse,
504 1893 602 1958 sicuti
624 1914 665 1957 ne
689 1915 763 1957 eum
787 1892 930 1977 quidem,
960 1893 1016 1977 qui
1039 1912 1106 1958 oum
1148 1960 1150 1971 ,

97 1981 265 2048 dominum
294 1981 564 2046 animadverteret
588 1982 776 2047 verberibus
801 2003 835 2046 se
859 1981 996 2046 adficere
1020 1980 1107 2063 velle,
1148 2022 1150 2065 :

96 2069 328 2154 praeripuisset
351 2092 385 2135 se
409 2071 449 2135 ad
473 2070 622 2153 amioum,
646 2093 740 2156 quern
762 2070 802 2135 ad
821 2070 1020 2154 precandum
1039 2090 1107 2154 per·
1147 2068 1150 2105 ³

97 2159 235 2224 duceret.
276 2181 316 2224 ne
345 2180 418 2224 eum
446 2159 575 2242 quidem
598 2159 773 2244 fugitivum
797 2180 882 2241 esse,
913 2159 1026 2244 quiin
1051 2158 1107 2222 hoo

96 2269 287 2334 progressus
307 2252 365 2330 est,
386 2252 422 2313 ut
441 2271 475 2313 se
493 2249 733 2333 praecipitaret,
756 2251 900 2313 ueterum
919 2247 1019 2311 etiam
1038 2267 1106 2311 eum

95 2337 167 2420 quis
194 2336 369 2422 fugitivum
397 2338 530 2421 diceret,
558 2339 614 2423 qui
642 2337 728 2400 domi
752 2338 786 2400 in
809 2337 911 2401 altum
934 2336 1044 2401 locum
1067 2332 1104 2400 sd

95 2427 375 2511 praecipitandum
393 2448 428 2491 se
447 2425 652 2508 ascendisset,
676 2426 845 2511 magisque
864 2425 951 2489 buno
970 2432 1105 2490 mortem

96 2516 160 2579 sibi
184 2516 382 2581 oonsoisoere
401 2514 554 2580 voluisse.
594 2514 675 2578 illud
699 2517 793 2595 enim,
816 2513 902 2598 quod
924 2514 1107 2597 plerumque

97 2605 137 2668 ab
156 2603 425 2688 imprudentibus,
438 2604 553 2686 inquit,
566 2603 630 2667 dici
645 2604 736 2685 solet,
752 2624 824 2666 eum
839 2623 911 2666 esse
925 2602 1108 2687 fugitivum,

97 2693 152 2776 qui
171 2697 269 2757 noete
286 2693 395 2776 aliqua
414 2692 484 2755 sine
498 2691 667 2756 voluntate
687 2692 809 2756 domini
824 2692 1027 2770 emansisset,
1045 2709 1107 2755 non

97 2802 168 2844 esse
183 2803 305 2862 verum,
319 2780 375 2844 sed
390 2781 431 2844 ab
447 2780 564 2845 affeetu
579 2781 680 2845 animi
695 2781 848 2864 cuiusque
862 2779 1108 2844 aestimandum.

185 2892 271 2950 Hane
286 2891 406 2951 Proouli
422 2891 602 2951 sententiam
616 2891 825 2967 Epistularum
838 2890 922 2950 libris
938 2891 1107 2950 adtribuere

96 2980 163 3039 ideo
187 2979 393 3059 prohibemur,
416 2982 494 3056 quod
517 2980 663 3040 vivianus
687 2981 772 3039 testis
796 2979 946 3039 laudatur.

480 3143 531 3209 De
552 3142 724 3208 mandute?

184 3268 214 3332 9.
241 3267 280 3332 D.
298 3267 347 3346 19,
361 3269 391 3350 2,
408 3267 458 3351 15,
473 3268 501 3333 8.
547 3267 637 3331 Idem
662 3265 719 3352 (so.
743 3264 918 3351 Ulpianus)
942 3266 1029 3332 libro
1053 3264 1105 3330 tri-

96 3358 241 3441 gensimo
266 3357 404 3421 seeundo
429 3356 469 3419 sd
493 3356 633 3421 edietum
656 3353 706 3443 (P.
725 3352 806 3441 949)
844 3392 886 3401 -
915 3404 951 3421 ..
976 3355 1004 3420 si
1027 3354 1107 3419 forta

96 3445 244 3510 dominus
267 3445 331 3509 frui
353 3467 417 3510 non
436 3445 579 3528 patiatur
598 3441 656 3531 (so.
676 3444 851 3529 colonum),
873 3444 926 3508 vel
947 3443 1106 3527 cumipse

95 3534 236 3598 locasset
263 3535 314 3598 vel
341 3556 414 3599 eum
443 3534 524 3598 alius
554 3533 694 3598 alienum
722 3532 773 3597 vel
802 3531 893 3616 quasi
917 3538 1105 3616 procurator
