2422 3976
346 189 371 237 4.
392 183 421 239 C.
436 182 581 238 CASSIUS
599 183 784 238 LONGINUS
1030 186 1073 249 23

60 346 234 431 seriptum:
277 345 388 410 ‘Lucio
422 345 522 429 Titio,
560 347 587 410 si
619 347 647 410 is
680 347 789 410 heredi
821 368 893 411 meo
926 347 1074 426 tabellas,

60 435 179 518 quibus
213 435 243 498 ei
275 435 446 518 pecuniam
478 436 742 520 expromiseram,
775 435 907 516 dederit,
943 440 1073 502 eentum

59 522 158 588 dato'.
192 523 297 587 Titius
312 523 425 586 deinde
440 526 613 607 antequam
630 524 769 588 tabellas
787 524 898 589 heredi
916 524 1073 606 redderet,

59 612 258 676 decesserat:
296 611 479 696 quaesitum
511 617 575 695 est,
612 635 653 677 an
684 612 794 677 heredi
827 613 895 677 eius
926 613 1072 698 legatum

59 701 241 764 deberetur.
283 698 414 766 Cassius
437 700 614 783 respondit,
638 701 666 766 si
688 701 819 766 tabulae
837 701 985 783 fuissent,
1006 724 1072 767 non

60 789 185 870 deberi,
216 789 293 873 quia
319 811 385 854 non
412 789 548 853 redditis
575 790 627 854 his
655 790 722 854 dies
751 790 851 875 legati
878 812 943 855 non
967 791 1072 855 oessit.

461 965 512 1030 De
533 968 678 1032 societate.

151 1081 182 1147 7.
205 1080 244 1146 Ι).
260 1083 310 1164 17,
325 1082 355 1162 2,
371 1082 421 1165 29,
438 1083 468 1146 2.
514 1080 672 1165 Ulpianus
701 1081 784 1145 libro
812 1082 1002 1166 trigessimo
1031 1084 1071 1147 ad

60 1169 220 1234 Sabinum
244 1167 293 1256 (P.
308 1168 420 1257 2742).
444 1207 486 1216 —
510 1171 621 1234 Aristo
645 1169 746 1234 refert
769 1168 917 1234 Cassium
941 1192 1071 1256 respon-

59 1259 147 1323 disse
168 1259 356 1323 sooietatem
374 1259 476 1322 talem
494 1259 574 1323 ooiri
591 1280 658 1323 non
676 1280 782 1342 posse,
801 1264 837 1322 ut
851 1258 934 1322 alter
947 1259 1072 1324 luorum

56 1351 163 1412 totum
171 1346 195 1431 ¹,
227 1349 308 1412 alter
339 1347 492 1411 damnum
524 1347 673 1430 sentiret,
711 1350 744 1411 et
773 1347 856 1412 hano
883 1347 1072 1412 societatem

56 1435 224 1500 leoninam
247 1436 380 1500 solitum
403 1436 576 1520 appellare.

151 1555 187 1615 ef.
212 1555 618 1633 Phaedr.fab.Aes.15.
683 1590 684 1593 =

149 1675 179 1739 8.
210 1673 251 1738 D.
273 1677 310 1739 17
312 1675 371 1758 ,2,
394 1673 661 1756 52,1881dem.
694 1671 750 1761 (so.
779 1672 953 1762 Ulpianus)
986 1676 1071 1742 libro

56 1763 253 1849 trigensimo
285 1763 391 1846 primo
420 1763 460 1827 ad
489 1762 629 1826 edietum
658 1759 707 1850 (P
726 1759 816 1848 922).
846 1799 883 1810 —
937 1765 1071 1850 ..apud

56 1857 185 1917 veteres
208 1855 376 1935 tractatur,
400 1874 441 1916 an
465 1853 571 1916 sooius
590 1851 736 1916 omnium
755 1851 924 1938 bonorum,
947 1853 975 1916 si
994 1854 1072 1936 quid

58 1941 150 2004 ob
140 1939 333 2005 rniuriarum
369 1941 530 2005 sotionem
567 1940 739 2005 damnatus
775 1940 991 2023 praestiterit,
1033 1963 1072 2005 ex

57 2029 222 2095 communi
237 2031 452 2113 consequatur
465 2024 661 2112 utpraestet
675 2077 682 2093 .
698 2032 730 2092 et
716 2027 916 2093 tAtilioinus
931 2027 1071 2094 Sabinus

58 2116 192 2182 Cassius
215 2117 464 2201 responderunt,
488 2117 516 2181 si
539 2117 658 2181 iniuria
683 2116 797 2182 iudiois
821 2118 994 2182 damnatus
1019 2118 1072 2202 sit,

56 2209 318 2289 consecuturum,
347 2206 375 2270 si
398 2207 440 2271 ob
463 2205 656 2270 maleficium
681 2228 788 2288 suum,
814 2206 919 2290 ipsum
942 2210 1072 2271 tanturn

56 2296 213 2360 damnum
238 2295 358 2359 sentire
381 2294 506 2359 debere.

422 2462 473 2528 De
494 2466 563 2527 ture
585 2464 711 2527 dotium.

147 2577 177 2641 9.
195 2576 235 2641 D.
246 2578 298 2662 24,
307 2580 337 2662 3,
345 2579 456 2659 22,12.
483 2577 573 2642 Idem
588 2575 644 2656 (so.
659 2575 833 2663 Ulpianus)
848 2577 932 2641 libro
946 2576 1069 2661 trigen-

57 2667 142 2731 simo
161 2666 260 2730 tertio
279 2667 320 2731 ad
340 2666 480 2730 edietum
499 2666 546 2747 (P.
562 2663 665 2751 955⁸).
685 2703 727 2712 —
747 2715 776 2730 ..
796 2667 824 2730 si
842 2665 910 2730 filio
930 2665 1007 2729 data
1027 2667 1071 2730 sit

56 2753 118 2843 (so.
137 2752 212 2839 dos)
236 2776 303 2819 non
326 2755 416 2819 iussu
439 2755 552 2838 patris,
576 2753 715 2819 Sabinus
735 2758 768 2818 et
786 2752 918 2818 Cassius
937 2775 1070 2838 respon·

56 2845 178 2907 derunt
204 2843 309 2908 nihilo
337 2844 443 2907 minus
472 2866 544 2908 oum
571 2847 665 2928 patre
693 2844 747 2928 agi
775 2847 936 2927 oportere,
968 2843 1070 2907 videri

56 2933 143 2996 enim
181 2931 222 2995 ad
259 2953 332 2995 eum
368 2933 554 3016 pervenisse
591 2932 712 3014 dotem,
753 2952 850 3015 penes
888 2953 981 3015 quem
1020 2935 1070 2996 est

55 3020 230 3105 peculium.

148 3108 200 3173 10.
228 3109 268 3173 D.
286 3110 341 3192 24,
357 3110 388 3192 3,
406 3108 458 3175 59.
503 3109 648 3173 Iulianus
675 3109 759 3173 libro
783 3109 921 3174 secundo
946 3109 986 3173 ad
1009 3107 1070 3172 Ur-

56 3199 162 3262 seium
185 3196 342 3263 Ferooem
366 3196 416 3282 (P.
430 3195 520 3282 895).
544 3197 710 3262 —Filiae
734 3219 823 3262 meae
848 3197 1069 3280 emancipatae

56 3291 88 3351 et
115 3306 235 3370 aegrae
263 3287 313 3350 vir
339 3287 373 3350 in
400 3286 462 3351 hoo
489 3286 657 3370 repudium
685 3285 788 3365 misit,
815 3291 852 3351 ut
874 3289 1003 3349 mortua
1031 3297 1093 3348 ea'

54 3375 165 3439 dotem
202 3374 311 3458 potius
348 3374 519 3439 heredibus
558 3376 626 3439 eius
663 3397 759 3459 quam
797 3374 877 3439 mihi
913 3373 1069 3437 redderet.

128 3554 143 3602 1
164 3547 214 3606 ΓΙ.
232 3550 353 3606 tantum.
