2422 3976
93 201 158 266 292
195 201 228 256 V.
246 198 395 253 NERVAE
415 199 461 253 ΕΤ
481 152 1076 255 TRAIANITEMP.1uulsc0NSULu1

148 439 172 498 Ι.
200 438 565 586 Senatusoonsultufm
587 438 736 498 Neratio
759 437 883 505 Prisco
907 438 1055 498 consule

542 531 668 588 actum.

181 646 221 711 D.
235 649 288 731 48,
303 649 332 730 8,
346 647 376 713 6.
413 641 589 711 Venuleius
612 645 803 711 Saturninus
826 645 911 711 libro
935 646 1041 729 primo
1064 645 1101 710 de

94 735 201 801 officio
220 736 432 819 proconsulis.
446 734 536 800 —Is
556 735 612 819 qui
630 756 758 800 serrum
777 734 985 799 castrandum
1003 733 1102 800 tradi-

94 825 185 910 derit,
206 846 265 908 pro
284 828 374 908 parte
394 823 526 888 dimidia
544 825 704 889 bonorum
722 824 882 888 multatur
900 845 941 888 ex
959 828 1103 888 senatus·

95 914 250 992 consulto,
269 914 354 997 quod
368 912 503 978 Neratio
518 912 630 978 Prisco
648 916 680 978 et
695 912 801 977 Annio
816 911 903 977 Vero
919 912 1101 978 oonsulibus

93 1003 215 1068 factum
238 1006 296 1067 est.

183 1095 315 1155 Castrari
346 1114 443 1155 mares
475 1095 680 1155 Domitianum
707 1095 839 1154 vetuisse
866 1094 1015 1154 traditum
1050 1099 1101 1155 est.

95 1184 177 1245 Suet.
197 1185 306 1244 Domit.
328 1186 354 1244 7.
387 1184 444 1243 Dio
464 1182 545 1243 (lass.
566 1187 616 1262 67,
636 1186 665 1243 2.
718 1184 798 1260 quod
823 1185 1020 1260 praeceptum
1045 1185 1101 1242 Eu·

94 1274 177 1333 sebio
204 1275 282 1333 teste
306 1264 430 1348 (Chron.
445 1265 546 1353 2098)
570 1273 759 1332 referendum
781 1271 902 1331 videtur
925 1271 963 1330 ad
986 1275 1102 1348 tempus

95 1372 155 1421 666
177 1381 279 1421 mense
298 1360 420 1421 Octobri
443 1379 588 1420 annorum
609 1363 649 1421 82
675 1364 705 1420 66
724 1363 775 1438 83,
799 1360 851 1419 sed
869 1359 994 1421 Octobri
1015 1381 1101 1421 anno·

95 1471 162 1510 rum
192 1452 231 1510 81
263 1452 293 1508 et
319 1451 359 1509 82
388 1450 515 1509 finitum.
561 1450 772 1509 Friedlaender
794 1448 842 1508 III
863 1469 891 1524 p.
907 1451 983 1510 429.
1028 1449 1102 1526 quod

95 1539 131 1598 de
168 1540 270 1597 eodem
302 1543 461 1615 praecepto
493 1537 672 1598 Venuleium
706 1537 901 1597 Saturninum
936 1538 996 1597 viri
1027 1538 1100 1598 docti

94 1627 186 1704 vulgo
209 1631 318 1701 putant
340 1628 464 1702 referre,
490 1628 556 1686 ideo
581 1627 704 1686 dubium
728 1630 786 1703 est,
809 1626 889 1703 quod
912 1626 949 1685 de
973 1631 1099 1687 castran-

96 1716 141 1774 dis
168 1715 340 1774 hominibus
367 1716 456 1792 plura
480 1718 602 1775 senatus
625 1715 762 1775 consulta
784 1716 866 1775 facta
889 1715 1044 1792 videntur,
1070 1717 1098 1773 ut

97 1804 210 1883 Paulus
233 1802 269 1862 D.
286 1804 314 1881 5,
330 1805 381 1880 28,
397 1807 437 1864 18
463 1804 544 1863 aliud
567 1804 680 1863 indicat
703 1804 738 1862 de
762 1822 796 1863 eo
820 1804 944 1881 factum,
967 1799 1031 1882 ‘qui
1052 1806 1096 1863 ho·

96 1891 207 1950 minem
243 1892 372 1951 invitum
405 1892 536 1955 libidinis
569 1897 623 1953 aut
653 1893 810 1968 promercii
843 1911 934 1952 causa
962 1892 1095 1953 castravit

98 1981 327 2041 castrandumve
360 1975 497 2043 curavit'.
531 1981 662 2055 ,accedit
693 1982 772 2058 quod
804 1981 862 2041 Dio
894 1980 1016 2041 Cassius
1046 1998 1093 2040 666

96 2069 184 2129 modo
204 2069 416 2146 Domitianum,
435 2070 487 2129 sed
505 2070 596 2129 etiam
613 2070 743 2130 Nervam
761 2070 858 2147 legem
877 2071 985 2130 tulisse
1003 2069 1089 2135 tradit

96 2178 133 2217 ne
157 2158 223 2235 quis
243 2160 411 2218 eunuchum
429 2159 542 2218 faceret
556 2151 623 2241 (68,
640 2149 682 2239 2).
720 2178 810 2235 quam
828 2178 890 2217 rem
911 2178 946 2219 eo
965 2153 1088 2236 explicari

97 2250 181 2325 puto,
201 2247 281 2323 quod
299 2248 461 2306 secundum
475 2248 598 2324 Ulpiani
616 2247 822 2307 testimonium
839 2248 923 2308 varia
943 2249 1086 2324 spadonum

98 2355 208 2414 genera
231 2337 353 2394 fuerunt
372 2329 649 2416 (66616166)
672 2338 703 2395 66
725 2336 844 2412 quidem
866 2341 931 2396 arte
950 2337 1085 2403 factorum,

99 2425 212 2484 scilicet
226 2426 356 2499 castrati,
366 2424 500 2502 thlibiae,
514 2425 655 2502 thlasiae3
669 2425 849 2484 castratione
864 2426 944 2484 enim
958 2420 1085 2501 prohibita

98 2514 233 2573 homines
260 2513 406 2590 ingeniosi
433 2514 556 2573 thlibias
582 2517 613 2572 66
636 2513 762 2573 66166166
785 2514 882 2573 facere
905 2509 1084 2573 instituerant·

99 2622 169 2661 nam
192 2603 442 2679 quemadmodum
460 2603 640 2674 Hadrianus,
664 2603 715 2677 qui
735 2601 889 2662 Corneliae
912 2603 988 2679 legis
1008 2607 1084 2676 poena

101 2709 164 2764 eos,
196 2691 247 2767 qui
278 2691 423 2766 spadones
451 2691 602 2764 fecissent,
631 2692 728 2750 teneri
756 2695 906 2751 statuerat
933 2683 984 2772 (D.
1001 2691 1046 2762 48,
1062 2681 1083 2746 8,
1121 2684 1134 2765 ’;

100 2780 129 2847 4,
147 2770 194 2856 2),
226 2780 278 2853 qui
304 2780 426 2838 thlibias
455 2780 606 2854 fecissent,
634 2781 663 2837 in
696 2780 798 2838 eadem
831 2798 923 2839 causa
950 2797 1009 2838 esse
1032 2786 1082 2832 con·
1132 2772 1134 2807 ³

101 2866 216 2943 stituit,
244 2887 303 2942 qua
326 2868 378 2943 qui
401 2868 614 2928 castravissent
637 2859 687 2948 (D.
703 2871 754 2945 48,
771 2870 799 2945 8,
815 2864 863 2946 5),
888 2862 1082 2927 similiarium

101 2957 190 3012 antea
214 2955 343 3013 Nervam
367 2958 657 3015 senatusconsultum
680 2957 756 3015 illud
777 2957 950 3017 Domitiano
972 2947 1081 3034 printil⁶

100 3043 212 3101 factum
239 3047 341 3103 contra
363 3045 583 3121 ingeniosorum
606 3046 759 3104 hominum
783 3049 862 3104 artes
886 3049 1013 3106 tutatum
1032 3043 1082 3096 0⁸⁸⁰

100 3132 277 3207 putaverim.
301 3133 360 3190 iam
385 3134 421 3192 cf.
447 3134 610 3192 Mommsen
634 3133 801 3193 Strafrecht
819 3155 847 3210 p.
869 3137 941 3195 637.

476 3347 515 3405 Π.
544 3347 735 3421 Responsa.

189 3468 262 3527 Cum
290 3468 433 3528 Neratius
461 3488 603 3545 responsa
630 3471 829 3545 peculiaribus
861 3473 945 3533 libris
972 3452 1079 3530 ediderib

101 3557 155 3615 hoc
178 3556 244 3617 loco
266 3576 362 3634 pauca
384 3558 576 3633 proponenda
600 3564 677 3618 6666.
