2422 3976
351 198 377 247 6.
400 190 608 247 IAVOLENUS
626 190 774 247 PRISCUS
1000 193 1065 258 491

54 360 114 438 eoi,
138 354 241 420 diuisa
261 376 378 437 auoque
399 357 434 419 in
456 356 597 437 stropulos
613 376 765 437 personas
786 357 884 420 uideri
900 361 1012 439 potest,
1040 362 1069 422 et

54 444 123 509 ideo
140 444 260 527 oinputi
270 464 333 527 pro
350 464 409 509 sna
423 450 513 526 parte
530 449 558 508 et
575 446 746 509 condiciani
758 465 871 526 parere
889 450 919 509 et
935 446 1069 527 tepaiurn

54 552 163 615 oupere
171 538 311 616 possunt.
346 554 422 598 narn
435 533 576 615 minois
592 553 713 597 summa
727 535 867 598 universe
880 532 1069 599 conditionil

53 622 98 687 sit
118 622 286 703 adseripna
308 624 533 687 enumeratione
548 641 755 703 personarum
770 628 871 704 potest
892 625 989 688 vidui
1007 643 1070 688 esse

54 710 165 775 divisa.
206 711 241 774 in
264 730 296 775 eo
320 731 397 794 oero,
419 711 501 793 quod
521 711 580 775 uni
600 712 657 775 snb
674 713 848 776 conditione
866 712 998 793 iepatrun
1015 716 1068 796 est,

52 800 158 865 mnae·
178 819 216 863 eoo
237 799 387 864 aooidenti
408 800 543 864 condicio
564 820 628 863 non
646 800 736 880 debet,
758 807 787 864 et
803 802 904 865 orneris
921 821 1070 865 numano

53 907 176 966 eorum,
205 888 261 970 qui
285 889 322 953 in
350 888 447 953 loaim
474 889 540 952 eius
566 888 804 970 substituuntur,
825 910 886 970 pro
913 890 1070 972 stupuiari

48 996 188 1061 persona
209 981 254 1042 est
273 976 437 1042 handus.

344 1135 394 1201 De
415 1137 574 1201 oaborurn
596 1137 783 1220 oblipatione.

147 1253 198 1318 76.
227 1252 264 1317 D.
277 1249 331 1334 45,
345 1252 375 1333 3,
389 1252 441 1317 36.
486 1249 658 1316 Iavolenus
686 1252 770 1317 libro
799 1257 914 1336 quarto
943 1252 1067 1317 decimo

52 1340 288 1427 Epistularum.
315 1377 351 1386 -
385 1341 473 1422 Quod
498 1361 601 1405 serens
627 1341 793 1421 stipulatus
819 1346 875 1423 est,
902 1361 990 1423 quern
1018 1342 1069 1405 do

54 1432 162 1495 miuus
184 1451 243 1511 pro
269 1430 407 1495 dereiiao
434 1430 572 1511 habebat,
600 1429 717 1494 nuituis
744 1435 788 1494 est
810 1431 968 1510 rnornenti,
994 1430 1069 1510 quia

54 1520 110 1602 qui
129 1538 196 1620 pro
219 1519 356 1619 derelicto
385 1539 453 1620 run·
472 1518 570 1600 habet,
599 1519 772 1654 omnimodg
794 1540 822 1620 a¹
837 1538 869 1582 se
891 1519 995 1583 reieoit
1014 1538 1070 1600 neo

30 1607 391 1775 'mititem
406 1612 575 1759 dead
584 1606 790 1776 {ididia}
803 1607 1070 1777 dtttttt.

54 1785 264 1866 eiadpuirere
282 1785 408 1865 poterit·
431 1805 507 1847 narn
529 1789 558 1847 et
579 1783 651 1848 daeo
668 1804 776 1866 penere
793 1786 926 1866 quodam
944 1787 1069 1849 donatio

56 1878 106 1940 esi.
155 1874 237 1938 inter
263 1872 481 1937 haoditorinru
507 1874 590 1936 enirn
616 1892 736 1936 seronrn
763 1879 791 1936 et
817 1895 899 1953 eum,
932 1874 987 1955 qui
1007 1893 1069 1954 pro

55 1962 195 2029 derelicto
211 1961 348 2043 nebeim,
360 1961 533 2042 plurimum
551 1962 681 2045 interest,
699 1963 846 2042 quoniam
862 1963 941 2026 aiter
954 1961 1072 2026 iteredi·

56 2052 130 2116 tatis
165 2052 234 2114 iuro
269 2051 429 2127 retinetur,
464 2070 518 2114 nee
549 2054 646 2130 potest
680 2048 859 2114 derelictus¹
890 2051 988 2113 oidai
1015 2051 1069 2131 qni

56 2140 198 2204 universo
215 2138 390 2203 tarditatis
407 2139 475 2202 iuro
492 2139 670 2221 continetur,
688 2139 766 2204 atta
783 2140 936 2203 voluntate
949 2138 1068 2203 donnini

55 2228 216 2293 derelictus
245 2248 307 2292 non
330 2232 430 2308 potest
454 2228 551 2292 uideri
577 2229 620 2291 ad
646 2248 736 2292 usura
763 2229 828 2292 eins
850 2229 1016 2310 pertinere,
1047 2247 1069 2291 a

55 2338 114 2399 quo
137 2314 318 2381 derelictus2
341 2320 393 2381 est.

434 2421 484 2485 De
501 2423 697 2502 possessione.

148 2538 199 2602 77.
223 2537 262 2601 Ι).
274 2537 327 2618 41,
342 2538 371 2616 2,
386 2537 437 2602 24.
473 2535 563 2599 Idem
578 2535 636 2621 (so.
650 2532 836 2622 Iavolenus)
851 2537 935 2602 libra
951 2542 1067 2621 quarto

57 2624 183 2691 decimo
206 2624 438 2708 Epistularum.
466 2662 507 2671 -
533 2624 621 2704 Quod
641 2645 744 2690 seruus
766 2630 837 2689 tuus
860 2627 1068 2708 ipnorontete

56 2716 88 2779 ui
103 2715 259 2797 possidet·
280 2716 315 2778 id
336 2719 370 2778 tn
392 2735 454 2778 non
471 2714 623 2797 possides,
649 2714 796 2794 qnoniam
818 2714 856 2792 is,
882 2715 936 2795 qni
958 2715 992 2777 in
1016 2718 1071 2777 tua

50 2806 201 2886 potestate
222 2808 272 2882 est,
295 2804 453 2885 ipnoranti
475 2803 530 2866 tibi
551 2823 615 2867 non
637 2803 823 2883 corporalem
841 2803 1070 2884 possessionem,

55 2894 109 2957 wd
134 2893 251 2957 iustarn
276 2896 376 2973 potest
401 2892 575 2973 adquirere,
606 2892 685 2955 siout
711 2892 756 2975 id,
783 2893 864 2972 quod
890 2912 928 2955 ea
951 2892 1070 2973 montio

54 2982 102 3047 aa
125 3002 196 3045 eum
216 2981 401 3063 pervenerit,
422 2982 566 3061 possidet.
610 3001 686 3044 nane
713 2985 778 3042 tuni
794 3000 853 3061 per
875 3001 996 3044 sernum
1018 2981 1069 3044 do·

55 3070 165 3135 minus
200 3090 315 3151 amque
344 3071 499 3151 possidere
535 3071 661 3148 dieitur,
699 3089 821 3133 suranna
858 3070 971 3134 soitioet
1001 3088 1071 3131 anm

55 3160 191 3241 ratione,
217 3160 305 3242 prtia,
332 3159 413 3240 qood
438 3179 475 3222 ea
501 3159 584 3223 insta
609 3179 703 3223 carisa
725 3159 921 3239 corporaliter
943 3178 964 3220 a
986 3176 1070 3220 servo

56 3252 184 3325 maur,
211 3247 246 3311 id
266 3248 301 3310 in
320 3247 438 3328 poentio
461 3248 540 3311 serui
562 3252 605 3311 est
628 3252 656 3311 et
670 3247 841 3328 peantium,
863 3247 945 3328 quod
965 3263 1071 3309 serens

55 3336 190 3403 civiliter
225 3337 345 3418 quidm
375 3335 532 3416 possidere
567 3356 629 3399 non
656 3340 769 3417 posset,
805 3336 858 3400 sed
887 3333 1073 3398 naturaliter

131 3498 146 3546 1
167 3490 217 3548 Fi.
235 3490 412 3546 condicionis.

129 3568 148 3616 2
168 3562 217 3618 Ft.
235 3561 359 3617 relictus.
