2422 3976
445 180 469 231 s.
494 176 612 233 uinus
630 176 761 233 iusso
1041 179 1105 244 377

96 347 200 408 matre
228 346 359 407 mortua
380 340 476 407 liberi
500 341 568 406 eius
591 340 694 407 nihilo
718 341 825 407 minus
849 363 943 408 usum
966 343 1107 410 fructum

96 430 219 497 habent
249 430 319 496 iure
349 429 566 515 aderescendi3
597 452 671 494 nam
705 434 738 495 et
766 429 910 496 Iulianus
939 432 1023 497 libro
1050 435 1107 498 tri·

98 520 246 606 gensimo
269 518 429 604 <quinto>
452 517 664 604 Digestorum
687 518 835 583 nitidem
854 520 1108 606 intellegendum

97 609 130 673 in
159 630 199 674 eo
227 609 283 693 qui
311 609 398 674 solos
424 606 543 673 liberos
571 607 704 673 heredes
733 609 912 692 scripserit,
941 610 1019 675 licet
1041 632 1109 676 non

98 701 133 763 nt
155 696 335 783 legatarios
353 717 408 761 eos
428 696 652 780 nominaverit,
676 697 730 761 sed
750 701 787 761 ut
805 698 989 763 ostenderet
1003 700 1108 786 magis

99 786 180 851 velle
213 807 248 850 se
279 788 415 851 matrem
448 785 495 849 ita
526 785 602 869 frui,
635 788 671 850 ut
702 785 821 850 liberos
855 808 961 852 secum
990 788 1109 853 habeat

99 874 251 941 fruentes.
300 874 357 939 sed
386 879 419 938 et
441 873 639 958 Pomponius
671 874 806 959 quaerit:
845 876 922 961 quid
955 876 983 940 si
1015 877 1109 941 mixti

100 963 220 1029 fuerint
246 963 341 1029 liberi
368 967 401 1027 et
423 962 566 1028 extranei
592 963 748 1028 heredes?
781 967 814 1028 et
842 964 889 1028 ait
911 964 996 1029 filios
1021 966 1109 1050 lega·

100 1052 200 1118 terios
228 1073 298 1117 esse
325 1051 560 1136 intellegendos
590 1055 622 1116 et
644 1073 702 1135 per
725 1054 933 1136 contrarium,
956 1053 984 1118 si
1006 1054 1110 1119 voluit

101 1162 152 1207 eos
173 1140 295 1206 liberos
317 1141 414 1206 simul
436 1162 510 1206 oum
532 1143 636 1205 mater
657 1139 734 1222 frui,
758 1141 873 1206 debere
892 1142 954 1207 dici
972 1146 1109 1207 matrem

101 1229 292 1315 legatarium
318 1251 389 1295 esse
415 1228 666 1312 intellegendam
696 1236 728 1294 et
754 1251 812 1314 per
839 1232 948 1295 omnia
971 1232 1110 1296 similem

102 1340 168 1384 esse
192 1321 226 1383 et
248 1318 284 1383 in
305 1318 367 1384 hoc
390 1339 466 1383 casu
489 1318 570 1383 iuris
593 1322 751 1383 eventum.

187 1408 232 1472 6⁸.
255 1405 329 1472 Vat.
343 1406 383 1471 fr.
397 1407 470 1488 §83
494 1402 582 1492 (Ulp.
593 1408 613 1471 l.
621 1405 717 1471 XVII
736 1406 775 1471 ad
796 1405 869 1472 sab.
893 1405 1050 1494 Paeto).
1069 1444 1107 1455 -

102 1495 174 1563 Non
199 1496 304 1561 solum
324 1545 353 1561 ..
377 1496 405 1560 si
428 1495 552 1560 duobus
576 1495 616 1559 do
644 1497 717 1580 lego
736 1519 813 1561 usus
832 1496 954 1561 fructus
974 1497 1110 1582 legetur,

103 1586 161 1650 erit
184 1587 236 1649 ius
259 1584 474 1666 adcrescendi,
497 1605 607 1648 verum
627 1583 702 1668 <et>
721 1585 748 1649 si
768 1586 861 1650 alteri
880 1607 957 1650 usus
976 1585 1110 1670 fructus,

102 1674 194 1739 alteri
216 1674 413 1759 proprietas,
436 1694 512 1737 nam
536 1674 705 1738 amittente
724 1696 817 1738 usum
836 1674 977 1740 fructum
996 1675 1110 1756 altero,

102 1762 151 1828 cui
179 1766 251 1827 erat
278 1763 419 1846 legatus,
448 1762 553 1845 magis
581 1762 649 1825 iure
678 1762 883 1828 adcrescendi
907 1764 947 1828 ad
972 1764 1111 1829 alterum

102 1852 244 1937 pertinet
274 1872 371 1936 quam
403 1850 487 1914 redit
519 1850 559 1914 ad
591 1851 833 1934 proprietatem.
885 1874 944 1917 nec
975 1875 1111 1936 novum,

102 1962 177 2005 nam
196 1940 276 2005 etsi
295 1939 419 2004 duobus
438 1960 516 2004 usus
535 1939 657 2003 fructus
676 1940 803 2024 legetur
822 1946 854 2005 et
872 1942 956 2025 apud
974 1943 1112 2006 alterum

102 2030 145 2094 sit
173 2028 406 2106 consolidatus,
434 2028 485 2093 ius
513 2027 715 2093 adcrescendi
738 2051 804 2093 non
827 2032 911 2113 perit
933 2028 1048 2112 neque¹
1073 2031 1111 2112 ei,

102 2117 187 2201 apud
218 2138 314 2202 quem
347 2116 566 2182 consolidatus
594 2121 656 2199 est,
687 2139 791 2202 neque
819 2119 860 2182 ab
890 2140 940 2199 co,
972 2124 1004 2181 et
1031 2118 1111 2201 ipse,

102 2206 220 2292 quibus
248 2205 352 2270 modis
380 2206 543 2269 amitteret
567 2210 642 2269 ante
665 2205 968 2288 consolidationem,
995 2206 1112 2270 iisdem

102 2299 134 2360 et
160 2317 249 2360 nunc
275 2296 347 2378 ipso
376 2294 504 2378 quidem
531 2294 601 2358 iure
629 2316 694 2358 non
723 2295 864 2376 amittet,
897 2296 952 2358 sed
980 2299 1113 2377 praetor

103 2387 231 2450 secutus
260 2383 441 2466 exemplum
469 2381 548 2447 iuris
572 2382 676 2448 civilis
700 2383 814 2447 utilem
838 2386 998 2448 actionem
1022 2383 1112 2447 dabit

101 2471 291 2539 fructuario.
330 2476 363 2537 et
379 2472 426 2536 ita
444 2472 520 2555 <et>
537 2468 673 2536 Neratio
698 2476 730 2536 et
748 2472 897 2536 Aristoni
920 2471 1112 2537 videtur...

193 2559 239 2627 6¹³.
266 2558 305 2624 D.
322 2561 352 2644 7,
365 2562 396 2645 2,
410 2561 439 2643 3,
455 2561 484 2623 2.
529 2557 688 2643 Ulpianus
716 2560 798 2624 libro
828 2560 964 2644 septimo
989 2559 1113 2624 decimo

103 2650 143 2715 ad
166 2648 335 2715 Sabinum.
361 2685 399 2696 -
423 2647 500 2714 Non
524 2648 628 2713 solum
644 2698 651 2713 .
666 2699 673 2714 .
689 2649 716 2712 si
739 2648 864 2713 duobus
887 2670 964 2713 usus
988 2647 1113 2713 fructus

103 2738 245 2825 legetur,
273 2744 323 2802 est
349 2738 398 2803 ius
427 2737 645 2819 adcrescendi,
673 2758 782 2802 verum
811 2742 843 2802 et
866 2738 894 2802 si
917 2737 1013 2802 alteri
1036 2760 1113 2802 usus

102 2826 237 2910 fructm,
259 2826 351 2891 alteri
373 2826 493 2891 fundus
517 2826 645 2911 legatus
669 2829 728 2906 est,
750 2847 826 2909 uam
850 2831 879 2890 et
899 2827 1020 2909 reliqua
1036 2828 1116 2893 sicut

102 2936 201 3001 supro
228 2935 322 2998 usquc
348 2917 391 2981 ad
415 2917 525 2999 finem:
552 2915 653 2979 isdem
677 2922 710 2979 et
732 2936 816 2979 nuno
840 2916 983 3000 amittet,
1010 2917 1114 2980 etita

103 3008 137 3071 et
159 3004 297 3071 Neratio
321 3008 354 3068 et
376 3003 522 3069 Aristoni
545 3003 671 3067 videtur
686 3052 693 3067 .
708 3051 738 3068 ..

196 3094 224 3157 7.
253 3091 293 3158 D.
308 3093 336 3172 7,
352 3093 381 3173 8,
398 3095 448 3173 14,
464 3094 491 3156 1.
537 3089 698 3175 Ulpianus
721 3092 804 3156 libro
829 3092 966 3176 septimo
991 3092 1114 3156 decimo

103 3183 145 3248 ad
165 3179 324 3247 Sabinum
348 3178 397 3268 (P.
412 3179 522 3266 2581).
546 3216 590 3227 -
613 3181 686 3246 ..si
704 3202 765 3244 usu
784 3178 891 3246 fructu
909 3183 1018 3265 legato
1037 3200 1114 3244 usus

103 3272 282 3352 adimatur,
305 3272 417 3336 Aristo
441 3269 555 3335 scribit
576 3269 698 3333 nullam
723 3290 792 3333 esse
816 3270 1063 3353 ademptionem.

195 3360 225 3425 8.
254 3357 293 3423 Ι).
313 3360 342 3442 7,
363 3361 391 3442 1,
410 3360 439 3443 7,
459 3359 488 3423 3.
534 3355 695 3440 Ulpianus
722 3358 806 3423 libro
830 3360 968 3442 septimo
992 3356 1115 3421 decimo

178 3559 193 3606 1
216 3550 279 3608 God-
298 3567 358 3606 nec.
