2422 3976
91 199 157 264 534
456 197 734 254 ADDITAMENTA.

95 363 307 427 substitutum
331 361 501 427 admittere
521 362 711 445 etamplius
731 362 771 426 ad
790 362 968 428 cretionem
987 365 1105 429 reverti

93 473 160 516 non
183 472 288 536 posse.

142 561 231 711 ulid
257 562 451 622 Proculianos
480 561 572 622 Gaius
601 561 721 622 videtur
752 563 910 639 respicere.
953 565 992 624 cf.
1014 564 1058 642 Π,
1086 567 1102 623 2

92 672 121 727 p.
207 693 214 710 .

287 777 334 834 De
355 780 440 850 rupto
462 777 507 834 uel
529 778 614 835 irrite
635 777 712 849 facto
734 779 909 837 tetamento.

184 894 248 959 15?
276 894 314 959 D.
328 895 385 975 49,
401 895 456 978 15,
472 895 514 959 10
523 917 571 979 pr.
603 893 802 978 Papinianus
825 895 910 960 libro
932 895 1103 959 vicensimo

94 1003 180 1048 nono
207 983 449 1060 Quaestionum.
471 1021 515 1030 -
542 982 639 1047 Pater
666 982 817 1047 instituto
844 983 1007 1067 impuberi
1039 984 1103 1048 filio

94 1071 305 1136 substituerat
324 1076 357 1136 et
376 1072 418 1136 ab
436 1073 585 1138 hostibus
605 1076 718 1156 eaptus
737 1071 783 1135 ibi
802 1070 953 1138 decessit.
994 1076 1102 1156 postea

94 1159 243 1225 defuncto
266 1160 433 1244 impubere
456 1161 638 1246 legitimum
657 1160 787 1225 admitti
805 1160 1004 1244 quibusdam
1021 1161 1100 1226 vide

93 1248 188 1312 batur
215 1270 317 1334 neque
343 1250 473 1315 tabulas
503 1250 657 1315 secundas
683 1249 717 1312 in
741 1249 808 1313 eius
831 1270 975 1332 persona
998 1250 1098 1315 locum

96 1336 226 1423 habere,
248 1339 304 1423 qui
326 1339 400 1403 vivo
423 1341 516 1422 patre
540 1338 590 1402 sui
612 1338 692 1403 iuris
715 1337 848 1402 effeetus
871 1337 1001 1404 fuisset.

396 1515 447 1581 Dc
469 1516 612 1599 lepitimis
634 1514 799 1580 heredebus.

117 1714 119 1716 ¹
185 1638 247 1702 16?
273 1637 310 1702 D.
326 1637 356 1721 5,
369 1640 400 1720 4,
415 1641 444 1705 3.
471 1641 592 1704 Paulus
611 1639 695 1704 libro
715 1640 853 1722 septimo
873 1638 914 1704 cd
929 1638 1095 1704 Plautium.

96 1762 134 1774 -
151 1774 159 1789 .
175 1776 204 1790 ..
224 1727 303 1790 iuris
325 1732 471 1793 auctores
488 1729 695 1792 medietatem
715 1727 878 1812 quandam
898 1730 1003 1793 secuti
1022 1732 1096 1810 sunt,

93 1819 130 1879 ut
156 1815 240 1895 quod
263 1816 330 1879 fieri
353 1838 419 1880 non
446 1838 517 1882 raro
545 1816 716 1881 admodum
745 1820 865 1900 potest,
893 1817 1096 1899 intuerentur,

93 1905 125 1968 id
159 1906 209 1968 est
242 1904 317 1989 quia
349 1905 419 1970 fieri
451 1909 594 1991 poteret,
624 1907 661 1969 ut
688 1905 861 1991 tregemini
888 1911 1096 1987 noscerentur,

93 1996 241 2078 quartem
265 1996 392 2077 partem
416 1995 582 2078 superstiti
605 1995 672 2058 filio
697 1994 947 2075 adsignaverint.

184 2100 234 2165 17.
257 2099 296 2164 D.
310 2090 363 2181 4'6,
373 2102 402 2185 3,
413 2102 465 2167 36.
497 2101 642 2165 Iulianus
664 2101 748 2165 libro
768 2101 873 2184 primo
894 2101 935 2165 ed
954 2099 1095 2166 Urseium

94 2188 255 2253 Ferocem.
280 2226 321 2236 —-
346 2188 380 2253 si
407 2194 499 2272 pater
531 2212 619 2254 meus
653 2193 829 2272 praegnata
861 2211 962 2253 uxore
993 2191 1095 2254 relicte

95 2277 266 2341 decesserit
298 2282 330 2342 et
363 2299 400 2340 ex
434 2301 529 2342 eausa
557 2278 750 2342 hereditaria
777 2283 883 2342 totum
911 2279 989 2363 hoc,
1021 2276 1093 2362 quod

94 2367 181 2448 patri
209 2388 280 2431 meo
310 2367 453 2430 debitum
482 2367 609 2451 fuisset,
637 2368 804 2451 petissem,
836 2367 920 2430 nihil
952 2389 1004 2431 me
1033 2388 1092 2430 con-

94 2456 269 2538 sumpsisse
304 2455 433 2538 quidam
466 2457 655 2520 existimant
689 2455 723 2538 <,
747 2456 773 2518 si
806 2460 980 2538 postumus
1010 2462 1092 2518 natus

93 2544 169 2627 sit>3
203 2545 229 2606 si
264 2565 358 2608 nemo
391 2549 487 2608 natus
520 2546 576 2626 sit,
609 2548 694 2608 recte
727 2567 778 2607 me
811 2544 931 2629 egisse,
966 2545 1039 2628 quie
1068 2543 1092 2605 in

94 2653 200 2695 rerum
224 2639 340 2696 natura
365 2655 474 2696 verum
493 2633 608 2696 fuisset
627 2654 678 2696 me
698 2632 802 2696 solum
821 2633 974 2696 heredem
999 2633 1093 2697 fuisse.

183 2740 246 2804 18³.
271 2737 309 2802 D.
320 2739 431 2822 38,10,
444 2741 494 2823 10,
506 2739 556 2803 15.
589 2738 679 2802 Idem
697 2738 753 2821 (so.
766 2736 902 2825 Paulus)
918 2739 1003 2804 libro
1022 2740 1090 2820 sing.

95 2826 133 2888 de
162 2828 323 2909 gradibus,
350 2864 386 2872 -
509 2828 563 2911 qui
596 2849 633 2889 ex
667 2827 821 2890 fratribus
854 2829 905 2891 vel
940 2829 1090 2893 sororibus

93 2919 278 2979 nascuntur.
309 2939 388 3000 quos
403 2917 531 2999 quidam
546 2917 592 2980 ita
607 2916 829 2997 distinxerunt,
845 2920 881 2978 ut
896 2938 953 2980 eos
969 2916 1090 3001 quiden,

94 3004 149 3087 qui
173 3025 211 3066 ex
235 3005 388 3068 fratribus
413 3006 481 3068 nati
506 3010 587 3087 sunt,
611 3004 728 3068 fratres
747 3005 911 3089 patrueles
937 3006 1090 3090 appellent,

95 3091 173 3154 item
189 3115 251 3175 eae,
266 3116 347 3177 quae
363 3117 400 3157 ex
415 3093 568 3158 fratribus
583 3097 680 3157 natae
695 3097 778 3167 sunt,
794 3115 921 3157 sorores
934 3093 1089 3178 patrueles

95 3202 133 3243 ex
156 3181 256 3244 fratre
281 3187 388 3248 eutem
412 3188 444 3246 et
468 3204 576 3247 sorore
596 3182 747 3246 amitinos
767 3183 930 3265 amitinae,
954 3205 1008 3247 eos
1026 3199 1088 3243 vero

93 3273 125 3331 et
156 3291 224 3352 eas,
256 3272 310 3355 qui
341 3293 461 3354 quaeve
489 3293 527 3334 ex
555 3272 718 3335 sororibus
751 3271 822 3333 nati
855 3275 992 3337 nataeve
1019 3271 1088 3344 sunt,

95 3359 305 3424 consobrinos
328 3360 537 3425 consobrinas
557 3361 647 3444 quasi
668 3360 909 3443 consororinos,
936 3361 989 3425 sed
1007 3356 1087 3442 pleri-

93 3466 154 3527 que
178 3448 237 3512 hos
262 3470 371 3512 omnes
396 3448 605 3514 consobrinos
630 3454 755 3512 vocant.

181 3559 217 3617 ei.
240 3559 254 3616 1
277 3580 305 3634 p.
325 3563 397 3620 413.
