2422 3976
495 161 520 210 2.
540 153 701 209 Pudasus
1037 152 1103 218 203

121 332 148 376 ea
163 337 190 381 re
210 318 258 383 vel
282 318 338 383 alii
360 316 529 383 fruendam
554 316 726 382 concedere
749 317 800 381 vel
823 314 930 381 locare
954 317 1005 381 vel
1027 337 1102 380 ven·

120 399 173 468 dero
195 409 314 491 potest3
342 428 419 471 nam
447 410 479 471 et
506 406 561 490 qui
589 406 676 470 looat
703 406 819 488 utitur,
848 409 881 469 et
910 404 965 488 qui
992 404 1104 469 vendit

120 489 202 562 ulitur.
249 495 305 559 sed
338 500 370 559 et
403 495 431 559 si
463 495 520 560 alii
552 494 697 578 precario
730 493 884 559 oonoedat
916 494 967 557 vel
997 493 1104 575 donet,

120 582 175 660 pulo
198 605 268 648 eum
296 584 345 648 uti
372 586 468 668 atque
495 582 567 647 ideo
595 583 733 647 retinere
760 604 854 647 usum
881 581 1037 664 frustum,
1070 586 1103 646 et

120 664 163 732 hoo
181 669 306 738 Cassius
330 676 363 737 et
384 670 528 756 Pegasus
552 672 796 755 responderunt.

182 761 208 825 4.
229 760 269 826 D.
284 761 336 843 33,
351 761 381 844 8,
395 760 471 843 8pr.
508 759 667 843 Ulpianus
687 759 772 825 libro
791 759 965 824 vicensimo
986 758 1099 843 quinto

120 842 147 906 td
166 845 312 914 Sabinum
340 845 390 936 (P.
409 845 538 935 assub).
567 884 609 895 -
636 848 829 932 ..Pegasus
857 846 1040 930 respondit,
1073 846 1101 911 si

120 932 294 1022 sululibem,
320 939 371 1002 oui
398 938 560 1022 peculium
587 937 732 1022 legatum
761 939 817 1020 sit,
844 934 939 1000 heres
967 934 1099 999 interim

118 1022 269 1111 crediderit,
306 1026 339 1090 id
371 1026 442 1111 ipso
474 1026 543 1090 iure
576 1024 702 1090 detrahi
734 1029 767 1089 et
799 1045 935 1108 corpora
967 1023 1100 1108 singula

119 1107 191 1178 eliam
209 1136 266 1199 per
289 1115 352 1180 hoo
375 1137 430 1180 aes
454 1114 595 1179 alienum
620 1113 769 1179 deminui.

495 1280 542 1339 De
563 1280 694 1354 nuptiis?

182 1378 207 1444 5.
228 1379 269 1446 D.
284 1381 314 1464 3,
329 1381 359 1463 2,
374 1381 404 1462 2,
419 1381 448 1446 5.
484 1380 644 1464 Ulpianus
668 1380 752 1445 libro
776 1382 867 1445 sexto
891 1377 933 1442 ad
956 1378 1098 1442 edietum

119 1455 218 1537 ltili
232 1466 255 1554 ).
282 1506 320 1516 —
347 1469 414 1534 Eos
429 1518 436 1533 .
451 1519 468 1554 .,
491 1470 545 1553 qui
570 1471 723 1552 quaestus
747 1490 845 1532 eausa
867 1469 900 1531 in
920 1467 1098 1532 certamina

119 1543 296 1642 descendunt,
325 1561 358 1621 et
386 1580 496 1623 omnes
524 1561 658 1642 propter
681 1556 861 1640 praemium
888 1555 923 1619 in
951 1577 1101 1621 scaenam

118 1641 281 1713 prodeuntes
310 1647 454 1712 famosos
482 1668 552 1711 esse
574 1644 720 1730 Pegasus
748 1649 781 1709 et
804 1644 911 1709 Nerva
938 1644 1024 1709 filius
1054 1667 1101 1709 re-

120 1733 299 1806 spondemus.

181 1827 213 1886 of.
236 1827 271 1888 D.
289 1832 317 1902 1,
332 1831 362 1903 9,
378 1833 405 1901 7,
423 1831 439 1886 1
464 1828 544 1888 inira
566 1847 594 1903 p.
611 1828 683 1887 206.

385 1988 433 2046 Da
454 1989 606 2047 uerborum
629 1988 807 2061 estuatione.

181 2087 207 2152 6.
243 2087 282 2154 D.
302 2088 355 2172 45,
379 2091 406 2171 1,
428 2088 500 2172 115,
518 2089 548 2153 2.
605 2087 801 2171 Papinianus
838 2087 921 2151 libro
959 2087 1097 2152 seeundo

116 2157 320 2242 Quaestionum
347 2176 396 2262 (P.
417 2175 482 2260 79).
504 2213 549 2224 -
572 2226 602 2241 ..
627 2177 654 2240 si
683 2177 754 2260 quis
782 2177 828 2239 ita
856 2174 1028 2257 stipuletur
1061 2175 1100 2239 ‘si

114 2244 295 2346 Pamphilum
318 2288 385 2329 non
408 2265 547 2349 dederis,
574 2270 703 2330 centum
727 2263 796 2328 dari
820 2264 994 2347 spondes?'
1041 2263 1098 2328 Pe-

113 2355 188 2420 suus
226 2354 393 2437 respondit
428 2375 495 2419 non
533 2357 608 2418 ante
647 2353 807 2418 committi
846 2352 1098 2435 stipulationem,

112 2444 186 2510 luam
210 2442 348 2507 desisset
370 2463 466 2526 posse
488 2441 676 2526 Pamphilus
701 2442 779 2506 dari.
826 2439 964 2505 Sabinus
989 2443 1097 2503 autem

113 2524 298 2596 existimabat
316 2535 350 2596 et
368 2554 397 2617 q.
412 2553 437 2595 s.

468 2651 515 2710 De
538 2652 719 2711 condictione.

179 2753 206 2817 7.
228 2751 268 2818 D.
285 2754 335 2836 12,
350 2753 470 2835 5,4pr.
515 2751 676 2835 Ulpianus
700 2751 785 2815 libro
809 2750 983 2816 vicensimo
1008 2753 1099 2815 sexto

107 2833 136 2898 ll
152 2841 291 2907 edietum
305 2841 356 2928 (P.
367 2838 470 2927 llssb).
483 2877 522 2887 —
538 2839 627 2904 Idem
647 2841 674 2904 si
694 2840 735 2904 ob
755 2843 902 2925 stuprum
917 2839 1028 2904 datum
1048 2841 1099 2921 sit,

106 2925 144 2990 ul
175 2930 307 3015 sirquis
340 2931 375 2994 in
408 2929 564 2994 adulterio
598 2928 814 3012 deprehensus
847 2928 1018 2993 redemerit
1051 2950 1097 3010 se3

104 3023 193 3084 cessat
220 3019 307 3083 enim
334 3020 501 3102 repetitio,
528 3017 622 3102 idque
652 3015 790 3081 Sabinus
819 3020 851 3081 et
878 3016 1020 3102 Pegasus
1049 3037 1096 3080 re-

103 3107 299 3188 spondemus.

473 3200 527 3260 ΙΠ.
551 3198 713 3261 ...libri

368 3310 419 3375 De
440 3311 632 3392 adquirenda
654 3309 823 3375 hereditate.

178 3419 207 3482 1.
235 3416 275 3482 D.
294 3417 347 3502 28,
366 3418 397 3495 5,
419 3417 469 3481 19.
514 3415 672 3498 Ulpianus
700 3415 783 3480 libro
812 3415 948 3498 septimo
977 3413 1017 3476 ad
1042 3413 1098 3476 Sa·

92 3503 202 3570 binum
225 3502 276 3593 (P.
291 3504 403 3592 2489).
427 3541 468 3551 -
493 3505 545 3570 Ex
572 3505 679 3569 facto.
695 3505 877 3588 ‚agitatum
900 3499 1099 3586 Pomponius
