2422 3976
357 188 383 237 o.
406 178 615 237 moeonas
635 180 784 238 enecas
1010 156 1092 249 445=

333 396 384 463 De
406 402 581 464 testamento
603 399 812 464 manumissis.

153 520 207 587 26.
224 518 265 587 D.
275 520 328 604 40,
339 521 368 606 7,
381 523 424 587 28
432 544 480 606 pr.
512 520 683 587 Iavolenus
697 522 780 587 libro
796 526 886 588 sexto
901 521 1077 590 excessio.

63 646 104 659 -
134 608 175 675 si
205 609 357 676 hereditas
387 611 466 695 eins,
498 612 553 693 qni
582 632 714 691 sormam
746 612 833 676 intra
859 612 923 676 dies
950 613 1080 695 iripinta

59 699 173 765 mortis
194 719 270 765 snae
291 700 320 765 si
341 700 476 765 rationes
497 701 684 785 reddidisset,
708 700 836 765 ldornm
858 720 921 765 esse
939 702 1080 786 iusserat,

55 793 131 873 post
147 788 214 854 dies
231 788 361 871 tripmto
378 789 466 853 adita
485 794 537 867 esi,
559 789 627 854 inre
644 790 764 870 onmem
782 790 885 854 siricio
903 790 950 854 ita
968 809 1079 855 mann-

60 878 179 943 missns
197 876 274 943 laer
291 897 354 942 esse
371 898 434 942 non
446 882 555 960 potest,
573 880 720 959 qnoniam
735 879 910 943 eondieione
922 879 1078 962 deficitnn·

61 967 118 1032 sed
136 965 230 1048 favor
252 966 401 1031 libertatis
422 987 455 1031 eo
477 987 542 1031 rem
562 968 714 1048 perduxit,
737 973 772 1031 ni
792 968 1012 1048 respondeatur
1030 988 1078 1032 ea-

55 1055 178 1139 plelom
196 1055 411 1133 condiderim,
430 1056 459 1120 si
470 1076 531 1136 per
548 1076 626 1134 enm,
644 1057 695 1120 oni
713 1058 787 1121 daia
805 1061 887 1138 esset,
904 1077 968 1121 non
985 1060 1081 1122 staret

61 1164 124 1229 qno
144 1144 253 1209 minas
275 1143 451 1225 oppleretur.

430 1337 480 1403 De
500 1343 584 1404 stain
607 1339 716 1404 liberis.

156 1463 209 1528 27.
236 1461 277 1528 Ι).
296 1462 373 1527 ibid.
391 1464 412 1543 ὅ
429 1465 456 1528 1.
480 1499 520 1509 -
549 1460 725 1542 Stainliber,
753 1469 918 1546 annonam
945 1465 1079 1530 condicio

65 1552 217 1619 oneratis
233 1553 380 1634 opiiperii
398 1553 428 1616 si
445 1552 521 1632 qnid
537 1557 749 1635 comparasset,
763 1553 883 1634 peonlio
902 1553 999 1637 iepoto
1017 1574 1081 1619 non

66 1660 224 1707 ammarum
250 1642 284 1705 in
313 1641 400 1705 idoris
424 1638 503 1705 Gaii
525 1639 627 1705 Cassii
648 1643 797 1723 seriptum
819 1646 875 1726 est,
901 1644 964 1707 nisi
986 1643 1022 1707 id
1043 1643 1081 1707 le·

66 1734 174 1813 padam
195 1731 231 1794 in
254 1734 370 1812 tempus
392 1729 541 1794 libertatis
561 1729 705 1794 collatam
723 1736 805 1796 esset.
845 1733 1013 1817 oideamns,
1034 1753 1080 1811 ne,

68 1838 136 1883 enm
152 1818 310 1901 peenlinm
332 1822 361 1883 et
382 1819 582 1883 decessionem
604 1824 632 1882 et
653 1820 849 1885 deoessiomm
869 1820 986 1903 habeat,
1009 1842 1081 1904 anp-

72 1912 205 1973 meniam
231 1928 350 1990 qnoque
375 1908 441 1971 eins
462 1907 591 1990 peenlii,
617 1908 646 1971 si
672 1909 761 1974 modo
788 1909 826 1974 ab
853 1909 958 1974 aerem
980 1911 1009 1974 ei
1030 1910 1081 1975 ad

72 1995 167 2061 ladem
194 1997 336 2073 nonsit,
366 1996 462 2078 lepato
488 2014 643 2061 eessnrnm
669 1998 726 2075 sid
754 2003 783 2062 et
808 1999 908 2080 mapis
933 1998 988 2062 hoe
1013 1999 1082 2062 inre

10 2088 13 2151 Ξ
72 2085 196 2150 niimm.

388 2207 438 2273 De
461 2210 560 2291 operis
583 2209 765 2274 libertorum.

160 2333 213 2398 23.
235 2331 275 2399 D.
290 2333 341 2414 38,
358 2334 387 2417 1,
401 2333 453 2397 21.
493 2331 663 2398 Iavolenus
686 2334 770 2398 libro
791 2338 880 2399 sexto
901 2356 939 2398 ex
958 2332 1080 2399 Cassio.

10 2438 12 2491 ζ
73 2452 114 2466 -
139 2420 254 2504 Operae
275 2424 357 2486 enim
379 2422 478 2501 [loeo]
500 2423 549 2486 edi
570 2423 674 2487 debead
695 2424 750 2488 nbi
762 2428 916 2506 patronns
933 2427 1081 2505 moratae,

10 2546 12 2579 ;
69 2516 195 2593 eunomia
215 2511 328 2576 scilieet
348 2515 377 2575 ei
398 2516 521 2576 oeetnra
537 2513 674 2593 padroni.

10 2636 12 2641 ·
159 2599 211 2664 29.
234 2598 273 2663 D.
288 2599 339 2679 38,
356 2601 384 2682 1,
398 2600 450 2665 33.
492 2599 661 2664 Iavolenus
682 2600 765 2665 libro
785 2604 876 2664 sexto
896 2622 935 2663 ex
958 2597 1081 2665 Cassio.

10 2666 14 2795 Ξ
70 2714 116 2733 “
129 2687 255 2770 Imponi
271 2708 378 2769 operae
395 2689 449 2771 ida,
467 2693 503 2753 nt
519 2690 583 2770 ipse
598 2689 722 2754 libertas
734 2708 766 2753 se
778 2689 853 2767 alai,
871 2709 934 2753 non
942 2692 1081 2770 possnnt.

10 2798 15 2829 ι

568 2884 584 2948 ‘i

162 3008 213 3073 30.
235 3007 276 3073 D.
290 3008 343 3089 50,
357 3010 388 3091 4,
405 3010 454 3073 12.
495 3007 666 3072 Iavolenus
686 3008 769 3071 libro
789 3011 881 3072 sexto
901 3029 939 3071 ex
960 3005 1082 3073 Cassio,

77 3116 118 3139 *
140 3094 199 3162 (mi
219 3099 358 3163 moneris
377 3098 493 3179 petbliei
514 3098 633 3161 vacatio
655 3099 757 3178 datar,
779 3117 843 3161 non
862 3097 1029 3161 remittitor
1046 3097 1083 3173 ei,

74 3190 117 3243 Μ
134 3187 334 3269 mapisiraias
355 3187 421 3269 fiat,
444 3187 519 3269 qnia
540 3187 576 3250 id
591 3187 635 3250 ad
650 3185 794 3251 honorem
810 3187 913 3269 mapis
929 3206 1023 3267 qnam
1040 3185 1085 3248 ad

76 3278 202 3340 munera
224 3276 365 3357 pertinet.
410 3281 507 3341 cetera
535 3276 654 3353 omnia,
680 3296 758 3356 qnae
785 3276 828 3339 ad
853 3281 970 3355 temptes
995 3278 1083 3337 entra

79 3361 210 3427 &dinem
232 3365 405 3447 em‘pominr,
427 3365 519 3428 aelati
541 3365 672 3428 munitio
694 3364 828 3442 viarum,
851 3363 891 3428 ab
908 3363 1084 3427 huiusmodi

75 3454 204 3519 persana
225 3454 374 3536 eaipenda
395 3473 458 3518 non
479 3458 559 3517 nont.
