2422 3976
438 179 480 229 t.
499 173 685 230 PROCULUS
1011 176 1074 240 125

79 336 141 418 notio
162 337 285 420 quedem
306 337 437 402 dioortio
457 341 514 402 aret
530 338 609 402 dotis
626 338 695 403 inre
712 342 768 402 ant
780 359 839 421 ner
856 339 1074 404 condictionem

79 431 190 507 repetere
207 430 286 491 reete
296 430 404 510 potest,
422 427 475 490 sed
490 427 519 491 is
537 427 626 491 enisis
637 427 772 508 poennio
788 431 833 492 est
849 431 925 492 reete
938 428 1075 493 vindicet

79 533 139 579 eon.
179 514 280 599 [quod
304 514 332 578 si
355 515 405 578 vir
427 535 498 578 enm
521 512 691 598 pecuniam
714 537 774 598 pro
798 537 856 581 suo
879 515 1073 601 possidendo

80 603 222 686 neuoepit,
253 602 377 668 scilieet
409 603 485 686 quie
514 604 711 669 existimavit
742 605 909 668 mulierem
937 605 1073 669 liberem

84 711 144 774 esse,
161 692 295 776 propius
314 695 372 773 est,
390 696 427 755 ut
445 690 626 756 existimem
646 714 719 757 eum
738 692 945 776 lnorffeoisnn,
964 693 1074 777 utique

86 777 115 863 si,
140 784 307 865 antequam
333 779 575 845 matrimonium
604 803 674 844 esse
703 781 879 866 inciperet,
902 783 1075 867 usuoepit].

88 868 145 932 etin
160 871 263 934 eodem
281 869 424 951 opinione
442 887 526 952 snm,
547 870 576 934 si
594 871 671 952 qnid
688 890 725 934 en
743 891 780 935 en
790 870 927 954 pecnnia
938 872 1074 956 ponaoit,

88 961 225 1040 entonam
253 979 291 1022 eo
317 959 371 1023 dos
395 958 493 1044 fieret,
520 959 580 1043 ita,
606 963 642 1022 nt
667 978 721 1024 neo
741 959 901 1041 possideat
927 980 995 1024 eom
1022 980 1075 1025 nee

90 1043 135 1110 toto
152 1046 262 1128 feeerit,
286 1066 344 1129 qno
366 1046 472 1112 oninns
492 1067 560 1111 eon
576 1048 754 1128 possideret.

154 1158 274 1218 Pernioe
298 1150 343 1216 11²
358 1160 420 1219 392
444 1160 507 1218 n.1
533 1162 564 1218 ot
587 1160 650 1218 398
662 1177 724 1235 sqq.

129 1241 132 1249 ’
155 1246 217 1306 Gai.
233 1251 262 1323 1,
278 1248 319 1307 85
339 1247 437 1325 legem
456 1248 613 1323 quandem,
633 1248 718 1306 ouius
736 1266 844 1317 nomen
862 1248 960 1326 periit,
980 1248 1074 1325 affert,

92 1347 132 1404 qua
149 1335 181 1395 de
203 1355 239 1396 eo
258 1338 389 1414 cavetur,
413 1336 465 1412 qui
484 1330 563 1396 ‘oum
583 1335 680 1395 aliena
697 1336 806 1396 aneilla
824 1355 916 1414 quem
935 1335 1076 1396 credebat

92 1414 187 1484 liberem
209 1443 277 1486 esse
300 1424 425 1485 coierit.

348 1559 399 1626 De
420 1561 579 1626 oerbornon
601 1561 803 1644 ottiyotione

156 1669 203 1733 28.
233 1666 272 1732 D.
286 1668 339 1747 46,
353 1668 383 1749 3,
399 1662 450 1733 84.
495 1668 650 1733 Proculus
673 1669 757 1733 libro
781 1671 920 1753 septimo
943 1667 1075 1754 Epistu-

92 1744 178 1820 larum.
196 1793 235 1803 —
257 1756 366 1840 Egisti
385 1757 424 1821 de
442 1757 568 1840 peculio
587 1757 672 1822 servi
690 1756 820 1823 nomine
839 1779 911 1822 oum
930 1757 1073 1824 domino:

92 1853 138 1935 {lon
160 1866 225 1910 esse
253 1845 408 1910 liberatos
437 1844 640 1912 fideiussores
669 1847 737 1911 eius
764 1847 952 1930 respondit,
985 1851 1021 1912 et
1046 1848 1074 1911 si

92 1923 154 1995 lien
179 1955 290 1999 servus
319 1953 357 1998 ex
381 1935 509 2017 peculio
532 1955 590 1999 suo
613 1934 770 2018 permisso
794 1934 1074 2000 administratione

92 2021 182 2112 peculii
212 2044 362 2088 nummos
392 2023 553 2106 solvisset,
585 2023 741 2088 liberatos
771 2045 839 2087 esse
868 2024 1074 2090 fideiussores

93 2118 141 2171 ens
160 2105 242 2177 recte
265 2111 385 2196 legisti.

463 2240 572 2301 Liber
595 2240 677 2300 VIII.

478 2358 529 2424 De
551 2361 666 2441 tenetis.

157 2466 203 2534 29.
233 2466 273 2531 D.
293 2467 350 2550 31,
369 2467 422 2531 48.
467 2465 556 2530 Idem
581 2465 638 2549 (so.
657 2465 828 2551 Proculus)
852 2467 935 2531 libro
960 2471 1075 2531 octavo

93 2534 297 2627 Epistularum.
314 2591 352 2601 -
369 2553 532 2618 Licinnius
546 2553 688 2619 Lucusta
702 2553 839 2619 Proculo
855 2576 913 2618 suo
929 2555 1076 2620 salutem.

94 2624 153 2729 Qun
172 2643 287 2728 (quis)
309 2643 409 2708 faeiat
432 2643 653 2708 condicionem
678 2645 711 2707 in
734 2644 907 2729 releganda
927 2644 1010 2727 dote,
1031 2647 1077 2728 ut,

94 2735 114 2780 ⁸1
129 2732 229 2797 mallet
251 2754 333 2797 uxor
355 2731 517 2817 mancipia
540 2753 622 2816 quoe
645 2733 678 2796 in
703 2732 811 2796 dotem
835 2731 958 2796 dederit
979 2754 1076 2817 quam

93 2820 233 2886 pecuniam
256 2823 474 2905 numeratam,
501 2821 668 2905 reciperet:
698 2821 725 2884 si
750 2842 788 2884 ee
812 2821 974 2906 mancipia
997 2844 1076 2886 uxor

94 2902 172 2989 molit,
191 2910 349 2993 numquid
372 2911 470 2973 etiam
489 2931 527 2973 ea
546 2908 714 2992 mancipio,
734 2931 816 2993 quae
834 2915 949 2995 postea
968 2932 1005 2974 ex
1024 2912 1075 2975 his

93 2997 235 3082 mneipiis
259 3002 337 3062 neta
360 3001 448 3080 sunt,
471 2999 563 3062 uxori
587 2998 777 3082 debeantur,
801 3021 930 3082 quaero,

157 3085 305 3153 Pnoentns
335 3087 487 3152 Lnenstoe
518 3107 574 3151 sno
605 3087 743 3152 sotntene.
794 3086 832 3153 Si
862 3109 941 3153 neon
973 3089 1078 3152 inaltet

93 3173 220 3256 menenio
238 3196 334 3258 qnam
352 3176 448 3240 doten
467 3176 607 3257 ooeipere,
625 3178 694 3260 ipso
711 3177 878 3260 menenio,
896 3198 974 3259 qnae
988 3177 1076 3240 oesti-

94 3261 156 3412 Ἐξ
174 3265 205 3328 in
229 3267 328 3329 dotem
351 3265 445 3348 dedit,
469 3285 532 3329 non
554 3266 647 3329 etiano
666 3270 779 3346 pontns
801 3267 1027 3347 neoneipiornno
1049 3264 1077 3327 ei

157 3358 254 3418 nntnn.

159 3440 206 3506 30.
237 3441 319 3507 Ibid.
342 3441 362 3521 ἓ
388 3442 415 3505 1.
450 3478 492 3488 -
524 3441 688 3507 Bonorum
713 3444 901 3524 possessione
931 3441 1061 3503 denent'

95 3530 201 3595 tttotoni
228 3531 304 3596 doto
333 3531 432 3614 tegente
458 3552 480 3595 o
505 3536 655 3610 curatore,
682 3533 736 3614 qni
756 3531 912 3612 fnniosnno
935 3529 1077 3613 defendit,
