2422 3976
152 197 222 263 586
524 192 801 251 unumunurm.

156 359 213 426 sed
237 360 314 444 quia
334 358 481 444 iniquum
500 361 551 423 eet
567 361 602 423 te
619 379 657 424 eo
676 358 809 424 nomine
824 357 1046 439 condemnari,
1063 359 1170 444 placet

154 470 214 534 per
236 447 460 534 exceptionem
482 446 551 513 doli
573 447 707 513 melite
729 446 857 512 defendi
880 446 1006 513 debere.
1033 446 1114 513 item
1142 447 1170 512 ei

154 540 269 623 peetus
299 536 393 602 fuero
424 539 609 619 teoum‚'ne
639 534 673 600 id
703 534 788 620 quod
815 534 898 601 mihi
923 534 1059 621 debeas,
1090 558 1110 601 a
1137 539 1170 601 te

154 629 276 710 petam,
306 624 410 691 nihilo
442 624 549 689 minue
577 646 599 689 a
628 628 662 689 te
688 627 799 707 petere
825 644 960 710 poenum
987 624 1060 690 dari
1089 623 1170 691 mihi

155 718 316 800 oportere,
347 712 423 797 quia
445 712 606 799 obligatio
629 715 725 797 puoto
749 715 910 779 convento
936 734 1004 779 non
1033 713 1171 780 tollitur.

153 801 211 867 sed
234 802 341 888 planet
358 801 475 867 debere
492 822 544 866 me
565 804 732 886 petentem
755 822 813 885 per
835 801 1059 885 exeeptionem
1082 801 1171 887 panti

152 889 309 957 conventi
330 890 456 974 repelli.
953 948 958 960 ,

194 1223 234 1290 V.
264 1222 383 1303 QUOD
407 1222 611 1293 ‘DIOI'l'UR'
634 1224 721 1291 VEL
744 1224 904 1293 ‘VULGO
929 1223 1130 1294 chluuu’

525 1330 791 1410 ulmmnoun.
923 1404 926 1409 ,

245 1469 343 1530 Huius
374 1470 493 1547 generis
523 1471 574 1532 vel
601 1489 636 1531 ea
661 1488 828 1547 proponere
849 1468 992 1531 idoneum
1014 1475 1073 1550 eat,
1095 1491 1170 1551 quae

153 1557 194 1618 ab
218 1557 351 1636 Ulpiano
374 1558 527 1638 Pauloque
549 1558 721 1620 traduntur.

482 1721 510 1779 1.
539 1718 640 1791 Quod
667 1709 840 1779 ‘dieitur'.

498 1852 525 1894 a.
548 1832 602 1895 Ad
623 1833 682 1894 iue
704 1832 823 1895 uirile.

523 1942 575 2010 De
596 1945 792 2011 testamentis.

242 2060 271 2124 1.
294 2058 334 2122 D.
352 2059 406 2140 28,
423 2059 455 2143 2,
474 2058 568 2143 l2pr.
605 2058 763 2144 Ulpianus
782 2058 867 2123 libro
885 2059 997 2144 primo
1016 2060 1058 2125 ad
1077 2057 1165 2126 Sabi-

150 2167 237 2214 num.
255 2185 300 2195 —
319 2196 350 2212 ..
369 2147 486 2212 dieitur
503 2147 604 2213 lilium
623 2149 735 2211 natum
754 2166 905 2231 rumpere
923 2151 1163 2215 testamentum.

430 2306 479 2372 De
501 2307 692 2390 adquirendo
713 2306 885 2373 hereditate.

239 2421 270 2486 2.
293 2421 331 2486 D.
351 2423 404 2505 29,
427 2423 456 2502 2,
479 2423 531 2504 30,
557 2423 584 2487 1.
621 2421 779 2505 Ulpianus
803 2422 886 2486 libro
912 2427 1030 2489 octavo
1054 2427 1095 2488 ad
1113 2422 1162 2487 Sa·

149 2510 271 2576 binum.
296 2547 337 2556 —
361 2560 390 2574 ..
415 2511 544 2574 dieitur:
568 2511 732 2594 proximus
757 2533 776 2574 a
798 2511 866 2575 filio
890 2515 1046 2594 postumo
1066 2513 1161 2594 heres,

148 2597 226 2662 dum
258 2598 375 2663 mulier
411 2620 570 2682 praegnas
603 2604 652 2663 est
688 2601 745 2663 aut
780 2602 916 2682 putatur
953 2621 1038 2680 esee,
1080 2601 1160 2665 edire

149 2686 363 2752 hereditatem
394 2709 462 2751 non·
486 2692 607 2772 poteet3
641 2687 696 2752 sed
728 2687 756 2751 ei
784 2687 845 2752 seit
878 2709 943 2752 non
976 2711 1047 2755 esse
1076 2711 1160 2774 pree-

147 2779 292 2859 gnetem,
317 2779 436 2859 potest.

550 2864 600 2928 De
621 2866 767 2929 societate.

239 2980 267 3044 3.
288 2977 357 3042 Gai.
373 2979 402 3062 3,
418 2979 490 3043 153.
504 3016 541 3025 -
558 2979 686 3044 Dicitur
700 2979 797 3044 etiam
812 2980 930 3064 eapitis
945 2980 1155 3047 deminutione

149 3067 232 3132 solvi
257 3067 459 3150 societatem,
483 3068 559 3152 quia
581 3067 668 3132 civili
691 3069 817 3134 ratione
841 3069 960 3155 eapitis
985 3071 1155 3135 deminutio

148 3157 246 3220 morti
271 3160 475 3240 coaequatur.

511 3252 561 3318 De
583 3255 651 3319 iure
672 3255 796 3319 dotium.

236 3369 265 3433 4.
294 3367 333 3432 D.
361 3368 415 3447 25,
442 3369 471 3452 1,
500 3368 551 3434 15.
600 3367 754 3435 Neratius
782 3370 866 3436 libro
895 3373 1037 3437 seeundo
1062 3370 1154 3435 Mem-

146 3455 331 3522 branarum.
358 3492 395 3503 -
422 3505 452 3522 ..
476 3457 594 3521 dieitur
616 3460 789 3541 impensae,
813 3481 895 3543 qnae
913 3460 947 3523 in
966 3483 1020 3526 res
1038 3460 1153 3524 dotales

145 3546 329 3610 necessario
352 3544 458 3609 factae
483 3549 566 3630 sunt,
590 3547 698 3611 dotem
723 3547 875 3612 minuere.
