2422 3976
107 181 174 236 XIV

195 350 268 410 Inde
287 369 323 410 ex
342 369 367 410 a
389 350 473 410 1556
493 350 523 408 in
543 350 641 410 lucem
659 349 837 427 prodierunt
851 348 993 410 Ouiacii
1012 349 1120 412 Obser-

105 439 262 500 vationum
285 441 316 498 et
333 438 585 498 Emendationum
602 439 674 498 libri
691 438 830 513 XXVIII,
854 457 980 516 quorum
998 441 1122 521 similes,

106 529 131 589 si
158 529 291 588 fructum
318 531 447 603 spectes,
474 527 553 586 nulli
576 530 704 588 exstant.
749 530 869 588 secutae
892 531 964 588 sunt
986 530 1121 591 eiusdem

104 617 165 678 viri
188 617 225 677 de
248 616 295 675 his
319 615 427 676 studiis
450 616 537 676 unice
560 617 817 677 11011111.1558
840 617 872 676 in
890 616 979 677 Pauli
1001 622 1121 679 senten·

104 706 217 766 tiarnm
245 704 284 765 ad
309 705 406 764 filium
432 705 525 765 libros
548 704 578 763 V
604 705 882 783 interpretationes,
910 709 941 766 et
963 726 1058 785 usque
1081 709 1121 768 ad

105 816 130 856 a.
160 797 246 856 1588
278 793 471 854 recitationes
504 794 663 855 sollemnes
695 794 733 854 ad
764 794 914 871 Africani,
952 795 1120 874 Papiniani,

103 883 204 961 Pauli,
231 882 406 960 Modestini,
432 882 559 960 Iuliani,
586 883 735 960 Marcelli,
763 882 924 945 Scaevolae
950 885 1044 946 libros
1069 887 1121 947 vel

104 991 206 1032 omnes
227 972 278 1032 vel
301 975 381 1033 certe
404 971 641 1050 Responsorum,
664 971 889 1052 Quaestionum,
912 973 1119 1054 Digestorum,

103 1062 143 1121 ad
165 1060 312 1138 edictum,
334 1060 423 1135 alios,
448 1079 526 1136 quae
548 1061 739 1121 recitationes
761 1061 830 1121 inde
854 1081 890 1122 011
912 1081 938 1122 a.
959 1065 1046 1124 1570
1068 1066 1119 1126 vel

103 1150 140 1209 ab
168 1151 234 1227 ipso
261 1151 312 1211 vel
339 1154 375 1209 ab
403 1148 593 1209 auditoribus
620 1150 720 1210 editae
746 1143 844 1211 sunt.1
893 1152 1018 1212 accessit
1040 1171 1119 1212 com-

102 1242 267 1300 montanus
289 1239 322 1297 in
340 1237 534 1316 Digestorum
556 1239 683 1298 titulum
701 1239 737 1298 de
756 1239 872 1316 origine
890 1240 964 1300 iuris
983 1260 1010 1300 a.
1031 1243 1116 1303 1585

103 1329 209 1389 editus.

191 1415 307 1477 Ouiaoii
329 1415 430 1476 studia
450 1417 601 1492 persecuti
625 1419 752 1477 suntet
774 1417 928 1477 auditores
951 1421 983 1478 et
1005 1419 1118 1478 aemuli

100 1505 213 1583 plnres,
233 1524 360 1582 qnorum
377 1504 456 1564 inter
476 1506 545 1565 illos
558 1505 697 1582 inprimis
710 1505 909 1566 nominandus
924 1509 971 1566 est
982 1507 1116 1568 Petrus

100 1594 275 1654 Pithoeus
294 1585 554 1674 (1539-1596),
576 1595 628 1672 qui
646 1594 846 1654 Mosaicarum
864 1598 895 1654 01
913 1595 1117 1657 Romanarum

99 1682 202 1760 legum
224 1682 430 1743 colleotIonem
453 1701 479 1741 a.
500 1684 585 1743 1578
605 1682 729 1743 Parisiis
753 1683 856 1758 edidit,
879 1683 996 1745 adiecto
1004 1685 1116 1746 'Mode-

100 1771 173 1831 stini
194 1772 365 1848 fragmento
388 1790 475 1831 novo.

188 1860 272 1919 Inter
308 1859 441 1919 aemulos
474 1857 588 1919 Ouiacii
620 1860 752 1920 eminent
782 1861 1000 1931 Franciscns
1030 1862 1116 1923 Bal-

100 1947 231 2009 duinus
255 1939 507 2030 (1520—1573)
535 1952 566 2008 et
593 1948 775 2009 Antonius
803 1951 1032 2028 Augustinus
1060 1951 1113 2013 Hi-

100 2056 211 2114 spanus
235 2035 534 2116 caesaraugustanus
552 2029 814 2120 (1517-1586).
855 2042 945 2118 atque
968 2040 1021 2100 ille
1043 2041 1116 2101 anni

101 2129 185 2188 1555
213 2145 315 2187 mense
337 2126 437 2203 Aprili
458 2126 670 2204 Argentorati,
695 2126 867 2204 insequenti
891 2147 968 2190 anno
992 2129 1114 2189 Heidel-

97 2213 209 2294 bergae
229 2216 407 2292 professoris
429 2233 553 2275 munere
576 2215 698 2276 functus
722 2227 748 2276 a
768 2218 854 2277 1558
876 2217 1014 2278 Basileae
1031 2236 1113 2278 ccm-

97 2305 279 2364 mcntarium
316 2304 410 2364 edidit
446 2304 483 2363 de
519 2303 594 2364 iuris
625 2305 786 2380 prudentia
816 2306 956 2366 Muciana
987 2306 1115 2368 eximiae

98 2393 252 2454 doctrinae
278 2394 411 2470 plenum.
457 2385 639 2473 ε1111111011,
661 2392 774 2471 inquit,
802 2389 968 2473 ‘nunquam
990 2414 1114 2471 possum

98 2483 161 2543 sino
179 2501 290 2559 magno
310 2482 412 2543 doloro
428 2485 546 2542 veteres
559 2482 786 2543 iurisconsultos
799 2483 911 2544 intuen‘
924 2487 989 2544 tam
1002 2484 1113 2546 misere

97 2571 151 2631 abs
164 2571 347 2632 Triboniano
361 2571 584 2646 discerptos...
599 2570 652 2630 sed
665 2574 751 2632 tanto
766 2574 863 2651 magis
877 2573 967 2634 velim
982 2572 1114 2635 dissecta

97 2678 201 2719 eorum
222 2661 357 2720 membra
380 2659 483 2736 colligi
506 2662 537 2720 et
562 2659 655 2720 veluti
676 2660 833 2737 religiosas
852 2661 995 2738 reliquias
1009 2661 1112 2723 adser-

95 2749 171 2823 vari,
189 2768 226 2810 ex
241 2749 349 2826 quibus
362 2750 498 2825 profecto
512 2749 671 2809 aestimare
686 2749 778 2809 otiam
790 2768 870 2810 nunc
884 2750 965 2827 licet,
979 2754 1111 2829 quantus

95 2837 189 2897 fucrit
216 2838 326 2898 veteris
348 2837 604 2915 iurisprudentiae
628 2838 779 2916 splendor,
807 2841 920 2914 quanta
943 2840 1112 2917 amplItudo

95 2929 127 2986 et
149 2920 312 2987 maiestas'.
358 2927 549 3006 Augustinus
568 2946 639 2988 vero
656 2929 687 2986 et
705 2945 731 2988 a.
752 2928 836 2988 1543
856 2927 1112 2989 Emendationnm

96 3016 128 3074 et
146 3013 328 3090 Opinicnum
350 3016 443 3076 libros
462 3015 507 3074 IV
530 3018 561 3076 et
583 3035 610 3076 a
631 3017 900 3077 15781111111111
923 3016 958 3077 de
981 3017 1107 3077 nomini·

95 3103 152 3163 bus
179 3105 310 3181 propriis
331 3112 384 3164 τοῦ
408 3101 582 3165 Πανδέκτου
606 3105 773 3165 Florentini
795 3105 896 3165 edidit.
942 3107 1112 3182 composuit

94 3195 253 3268 praeterea
276 3193 390 3254 similes
407 3197 499 3272 atque
512 3193 653 3254 Labittus
671 3193 793 3271 indices,
811 3195 865 3255 sed
883 3197 987 3255 auctos
1001 3197 1109 3255 ceteris

93 3280 169 3342 iuris
196 3282 374 3358 prudentiae
402 3284 544 3360 antiquae
566 3283 757 3360 fragmentis,
786 3302 862 3360 quae
891 3286 977 3344 extra
1002 3302 1110 3360 corpus

93 3369 168 3431 iuris
186 3372 300 3431 tradita
317 3375 389 3432 tunc
407 3375 481 3432 ncta
499 3375 593 3432 erant.
624 3371 706 3450 quod
722 3376 757 3432 ut
774 3373 940 3448 perficeret,
953 3373 1015 3433 iam
1029 3392 1108 3434 anno

165 3564 190 3614 1.
209 3558 240 3616 a.
260 3558 477 3630 spangenberg:
500 3558 589 3614 Jacob
608 3556 700 3628 (11110.
736 3557 853 3631 Leipzig
872 3565 941 3617 1822
960 3577 988 3629 p.
1002 3565 1103 3630 atbsq.
