2422 3976
135 133 200 189 vm

135 305 239 363 autem
263 302 350 362 nobis
373 301 550 379 antiquitati
571 301 677 361 hahita
699 303 747 361 est
768 301 946 379 reverentia,
968 304 1006 361 nt
1027 304 1149 366 nomina

133 391 329 468 prudentium
361 389 564 450 taciturnitati
595 389 714 450 tradere
746 391 830 451 nullo
861 390 1015 466 patiamur
1051 394 1148 472 modo,

135 483 186 541 sed
214 500 293 541 unns
320 479 445 557 quisque
473 498 589 557 eorum,
617 479 670 556 qui
697 482 802 539 auctor
828 479 905 557 legis
933 479 1006 558 fuit,
1035 483 1147 543 nostris

133 569 268 648 Digestis
295 568 460 645 inscriptus
483 562 555 646 est',
578 570 610 627 et
632 568 692 628 alio
715 570 780 629 loco
803 560 839 650 (ξ
860 565 930 647 20):
958 563 1017 628 ‘Ne
1045 574 1148 631 sutem

131 658 321 737 incognitum
343 657 429 718 vohis
452 656 515 735 fiat,
538 676 575 715 ex
597 656 708 734 quibus
725 659 863 718 veterum
881 657 967 716 libris
985 659 1060 719 haec
1077 677 1148 719 con·

133 746 294 807 summatio
313 746 454 807 ordinata
472 749 526 820 est,
542 746 685 805 iussimus
704 749 736 805 et
752 747 809 806 hoo
822 745 855 804 in
867 745 1040 822 primordiis
1054 747 1147 828 Dige-

133 839 250 897 storum
281 838 453 896 nostrorum
484 834 621 910 inscribi,
650 837 686 893 ut
718 834 999 894 manifestissimum
1027 835 1080 914 sit,
1111 858 1148 899 ex

131 925 242 1002 quibus
273 924 349 1003 legis
381 923 530 984 latoribus
562 923 733 1000 quibusque
765 923 852 982 libris
883 942 985 984 eornm
1014 926 1046 984 et
1073 932 1148 1002 quot

130 1013 253 1074 milibus
279 1015 336 1073 hoc
358 1013 495 1074 iustitiae
517 1013 669 1072 Romanae
691 1013 839 1089 templum
862 1005 1055 1072 aedificatum
1078 1011 1148 1077 est?

131 1103 181 1162 cui
208 1102 305 1163 edicto
332 1102 365 1162 id
392 1120 508 1180 quoque
532 1102 672 1180 debetur,
700 1102 780 1180 quod
808 1101 939 1162 secundo
961 1101 1034 1160 libri
1054 1102 1147 1180 primi

131 1192 225 1252 titulo
249 1191 333 1252 Sexti
356 1190 512 1267 Pomponii
538 1190 744 1268 fragmentum
770 1190 848 1249 illud
870 1190 1063 1266 proponitur,
1086 1213 1146 1271 quo

129 1299 192 1343 non
218 1281 307 1341 modo
334 1280 431 1356 ipsius
459 1279 549 1353 iuris,
576 1278 629 1340 sed
657 1279 749 1339 etiam
773 1278 870 1339 civilis
895 1279 1037 1339 scientiae
1061 1281 1146 1361 origo

130 1372 222 1447 atque
246 1387 426 1447 progressus
445 1368 663 1429 describuntur.
701 1368 828 1444 denique
846 1367 992 1427 librorum
1011 1370 1050 1429 ad
1067 1390 1147 1431 nove

130 1458 257 1534 Digesta
284 1457 421 1517 facienda
448 1457 653 1518 adhibitorum
681 1458 773 1518 index
800 1456 874 1533 ipsis
901 1456 1036 1535 Digestis
1058 1477 1146 1536 prae·

128 1546 241 1606 missus
263 1549 319 1607 est.
703 1567 705 1570 ⁴

220 1634 281 1696 Sed
303 1635 384 1712 quod
401 1635 589 1695 lastinianus
607 1634 798 1712 antiquitatis
817 1634 978 1695 memoriae
997 1654 1066 1696 cum
1084 1637 1146 1712 pie·

129 1726 194 1784 tate
216 1724 384 1784 inserviens
406 1723 594 1796 instituerat,
622 1723 686 1782 eius
711 1723 803 1783 medii
826 1722 893 1784 aevi
915 1724 991 1783 iuris
1015 1726 1146 1786 consulti

129 1813 169 1873 ab
188 1813 332 1873 historiae
352 1811 462 1873 studiis
481 1830 605 1888 prorsus
624 1811 717 1871 alieni
734 1812 883 1872 rationem
897 1813 1014 1872 nullam
1032 1814 1145 1875 habue-

127 1903 210 1962 runt.
259 1905 350 1977 atque
373 1900 576 1962 Bononiensia
602 1900 724 1978 quidem
746 1900 942 1979 Digestorum
965 1904 1147 1978 exemplaria

128 1989 216 2051 initio
253 1990 298 2050 ita
330 1990 459 2050 describi
491 1989 583 2050 solita
614 1991 698 2067 sunt,
734 1992 770 2049 ut
800 1990 903 2067 legum
933 1990 1145 2066 inscriptiones

128 2081 235 2156 plenae
263 2079 477 2140 retinerentur.
531 2073 649 2140 icontra
676 2080 708 2137 in
734 2078 952 2138 recentioribus
979 2079 1064 2139 libris
1091 2081 1146 2158 qui

128 2170 359 2244 repraesentant
391 2171 510 2228 textum
547 2166 746 2244 ordinarium,
783 2167 882 2245 qualis
918 2168 1077 2244 legebatur
1112 2170 1145 2229 in

128 2257 240 2318 scholis
264 2259 364 2317 aetate
391 2256 529 2317 Accursii
548 2259 579 2316 et
596 2256 745 2334 deinceps,
769 2257 926 2334 exlegem
943 2256 1146 2334 inscriptioni·

127 2345 186 2406 hus
203 2365 265 2406 non
281 2346 428 2407 remansit
445 2345 507 2406 fere
525 2345 584 2406 nisi
602 2346 716 2404 nudum
737 2363 847 2406 nomen
864 2346 1004 2421 auctoris,
1017 2346 1143 2424 reliquis

127 2453 188 2494 non
205 2453 277 2496 oasu
296 2435 422 2510 omissis,
445 2434 498 2494 sed
518 2435 590 2494 data
612 2452 704 2510 opera
727 2427 920 2511 erpunotis'.l
963 2435 1007 2493 ita
1029 2435 1145 2494 factum

128 2526 189 2600 est,
215 2527 251 2583 ut
274 2525 323 2584 vel
351 2523 519 2584 Guilelmus
547 2523 583 2582 de
609 2522 790 2601 Pastrengo,
817 2523 998 2582 Petrarchae
1022 2523 1144 2603 amicus,

128 2611 175 2671 de·
196 2611 272 2672 viris
300 2612 469 2672 illustribus
501 2605 666 2672 disserens²
694 2614 756 2672 fere
785 2630 887 2672 omnes
910 2615 1029 2672 veteres
1051 2612 1145 2673 iuris-

126 2701 283 2761 consultus
297 2701 458 2776 discipulos
477 2719 542 2763 esse
560 2701 673 2761 diceret
690 2700 855 2777 Papiniani,
874 2699 971 2760 veluti
990 2699 1145 2779 Catonem,

126 2788 286 2864 Alfenum,
309 2789 591 2866 Hermogenianum.

216 2878 453 2939 Donassentibus
466 2878 498 2938 in
507 2879 599 2938 Italia
611 2878 723 2939 litteris
736 2882 874 2938 veterum
885 2897 1004 2956 quoque
1013 2879 1150 2955 pruden·

126 2967 204 3027 tium
217 2968 362 3027 memoria
377 2967 555 3028 reviviscere
570 2968 675 3044 coepit.
704 2968 766 3027 iam
779 2968 951 3044 fragmenta
964 2967 996 3026 in
1009 2966 1144 3045 Digestis

126 3059 248 3116 servata
270 3056 307 3116 ab
330 3055 368 3115 iis
391 3056 444 3133 qui
461 3056 689 3116 humanioribus
707 3056 823 3121 litteris,
838 3074 959 3132 operam
982 3056 1144 3134 navabant,

126 3163 194 3204 oum
217 3144 415 3205 admiratione
437 3146 629 3223 legebantur:
655 3139 778 3205 ‘habent
801 3144 833 3203 in
857 3138 910 3223 se',
941 3144 1040 3221 inquit
1061 3144 1143 3203 Am·

124 3233 269 3294 brosius
294 3232 566 3294 camalduensis
590 3226 628 3314 (†
654 3226 764 3314 1439),
788 3227 963 3309 ‘plurimum
986 3233 1145 3308 dignitatis

200 3372 225 3423 1.
245 3367 400 3422 Mommsen
415 3367 533 3438 praefat.
549 3385 576 3436 p.
592 3366 767 3436 XXXXVsq.
782 3366 818 3424 cf.
834 3365 959 3438 Savigny
974 3367 1144 3422 Geeohiohte

126 3437 176 3493 des
193 3442 263 3492 rbm.
283 3438 387 3495 Rechts
405 3437 446 3493 im
465 3437 634 3493 Mittslaltcr
651 3437 705 3490 111¹
717 3456 744 3508 p.
755 3442 816 3495 481.

197 3515 222 3565 2.
242 3508 366 3581 Savigny
383 3509 403 3565 l.
423 3527 446 3564 e.
464 3508 503 3562 ΙΠ
520 3527 548 3579 p.
568 3511 617 3563 33.Ι
