2422 3976
101 177 166 242 190
185 177 233 234 III.
245 175 321 232 GAII
331 175 477 232 CLAUDII
486 176 621 234 NERON.
633 177 778 234 GALBAE
788 178 897 237 ΤΕΜΡ.
906 179 1005 238 IURIS
1015 180 1052 239 G(

103 345 312 405 manumisisse
323 365 391 405 eum
400 340 559 407 videatur?
581 346 729 422 Ulpianus
738 350 841 407 autem
850 340 1052 429 (Basaro,

99 433 248 510 disputat:
277 429 360 510 ‘quid
384 482 412 495 ..
435 434 576 511 interest,
600 455 687 494 suum
711 454 832 497 servum
854 456 894 497 an
915 438 1049 499 alienum

98 526 196 582 torem
220 524 385 600 scripserit,
409 542 477 582 cum
498 525 608 602 pupilli
630 525 734 586 favore
757 528 788 584 et
810 525 950 601 publicae
973 528 1052 588 utilit

98 611 259 686 adsumpta
286 612 410 672 libertas
439 613 480 672 sit
506 613 539 672 in
561 632 691 690 persona
714 613 778 673 eius
803 615 854 691 qui
876 617 962 674 tutor
985 618 1052 694 scri]

98 699 165 761 esti
211 703 312 776 potest
339 701 434 779 igitur
461 706 492 761 et
518 702 588 761 huic
615 702 892 763 fideicommissaria
914 703 1043 769 libertas

97 788 179 848 fandi
206 782 271 849 ...⁹
315 789 454 849 Atilicini
480 809 551 850 vero
579 791 760 851 sententiam
786 811 824 850 ne
850 791 965 852 Paulus
994 795 1052 872 quin

96 877 250 954 probavit,
287 879 398 955 quippe
435 897 504 938 cum
536 879 735 939 Tribonianus
772 879 809 939 de
844 882 902 940 hac
936 900 970 941 re
1003 883 1052 944 dis

96 969 206 1026 taceat.
252 967 379 1045 denique
407 967 544 1027 dubitare
572 968 656 1045 licet,
684 987 723 1028 an
744 968 907 1029 Atilicinus
933 989 967 1030 re
990 990 1052 1032 vera

98 1056 329 1134 existimaverit,
360 1056 440 1133 quod
469 1056 670 1117 Tribonianus
699 1077 768 1116 eum
796 1057 984 1119 existimasse
1011 1063 1052 1120 tra

511 1237 561 1303 De
583 1238 699 1321 tepetis.

365 1368 412 1426 De
434 1368 524 1441 lecolo
542 1384 599 1440 per
621 1369 843 1428 damnationem.

184 1476 214 1540 2.
237 1475 276 1541 Ι).
290 1475 343 1560 45,
357 1477 387 1556 2,
403 1475 453 1541 17.
490 1476 611 1542 Paulus
635 1477 718 1542 libro
743 1480 858 1542 octavo
882 1479 924 1542 ad
947 1479 1053 1544 Plauti

96 1560 145 1650 (P.
161 1563 285 1648 11582).
311 1601 349 1612 —
376 1564 449 1630 Sive
476 1588 496 1629 a
525 1565 622 1630 certis
649 1566 796 1650 personis
824 1566 980 1633 heredum
1007 1590 1052 1633 no:

95 1652 199 1717 natim
227 1654 371 1738 legatum
395 1658 481 1718 esset
504 1655 571 1719 sive
594 1655 635 1719 ab
660 1655 810 1720 omnibus
834 1661 969 1739 excepto
996 1657 1052 1741 aliq

96 1740 270 1831 Atilicinus
303 1741 442 1807 Sabinus
476 1740 607 1808 Cassius
641 1765 699 1826 pro
727 1743 933 1810 hereditariis
963 1746 1052 1830 partit

95 1833 200 1893 totum
224 1852 278 1896 eos
301 1831 445 1916 legatum
469 1832 634 1897 debituros
653 1833 754 1911 aiunt,
778 1832 855 1917 quia
873 1834 1035 1900 hereditas

97 1917 232 2002 obligat.

183 2012 228 2072 De
250 2014 411 2074 usufructu
433 2015 535 2091 legato
559 2035 586 2074 v.
601 2015 689 2090 Resp.
707 2018 735 2074 1.

427 2175 479 2234 De
503 2176 643 2234 locutione
666 2176 770 2249 lupata.

184 2283 213 2347 3.
240 2282 280 2348 D.
294 2285 390 2368 34,3,
407 2285 456 2349 16.
503 2284 623 2349 Paulus
651 2286 735 2350 libro
763 2306 849 2349 nono
878 2287 920 2350 ad
948 2285 1052 2351 Plauti

95 2368 143 2460 (P.
164 2371 275 2460 1172).
298 2409 340 2420 -
370 2375 411 2438 Ei
439 2373 490 2438 cui
517 2374 651 2437 fundum
679 2374 714 2437 in
742 2374 998 2459 quinquennium
1024 2376 1051 2438 lo

94 2483 202 2527 veram
230 2464 338 2547 legavi
366 2462 521 2546 quidquid
549 2485 622 2526 eum
651 2462 731 2527 mihi
755 2463 829 2527 dare
853 2463 960 2529 facere
984 2484 1052 2548 opor

95 2551 299 2634 oportebitve
322 2555 359 2616 ut
383 2552 504 2616 sineret
522 2551 615 2615 heres
634 2551 697 2616 sibi
716 2551 844 2616 habere.
885 2552 995 2619 Nerva
1013 2552 1052 2617 At

94 2640 198 2722 cinus,
227 2641 254 2703 si
282 2640 374 2704 heres
402 2640 590 2722 prohiberet
615 2661 688 2704 eum
711 2641 789 2724 frui,
818 2662 857 2704 ex
880 2643 1049 2724 conducto,

94 2729 162 2791 iure
185 2728 358 2793 locationis
381 2729 457 2811 quid
481 2729 648 2811 retineret,
677 2751 716 2793 ex
738 2732 936 2794 testamento
960 2731 1052 2796 iore<

94 2817 231 2898 ligatum
259 2817 364 2898 aiunt,
393 2817 468 2901 quia
491 2817 574 2881 nihil
598 2818 781 2902 interesset,
809 2823 973 2902 peteretur
996 2842 1034 2884 an

94 2904 227 2988 timeret,
250 2908 353 2970 totam
377 2907 461 2970 enim
484 2905 679 2971 locationem
703 2906 845 2992 legatam
868 2907 978 2973 videri.

465 3071 511 3130 De
533 3089 614 3130 seruo
638 3072 713 3145 tepet
731 3119 737 3131 .

182 3182 213 3246 4.
246 3180 286 3245 Ι).
304 3181 356 3264 35,
371 3182 400 3260 2,
414 3181 457 3245 49
467 3203 514 3264 pr.
564 3180 654 3246 Idem
682 3179 740 3268 (sc.
759 3182 894 3264 Paulus)
921 3184 1005 3250 libro
1032 3182 1052 3246 d*

94 3270 218 3335 decimo
253 3269 293 3334 ad
324 3269 491 3333 Plautium
519 3267 567 3354 (P.
588 3268 699 3357 1188).
728 3307 769 3317 -
799 3270 954 3337 Plautius.
1008 3271 1052 3348 Ser

93 3381 189 3442 quem
207 3359 269 3423 tibi
289 3360 482 3442 legaveram,
500 3358 635 3423 fundum
655 3360 768 3443 legavi.
805 3359 980 3426 Atilicinus
998 3361 1052 3428 Ner

94 3448 232 3514 Sabinus
269 3447 411 3532 primum
447 3447 481 3511 in
513 3469 605 3513 servo
638 3450 797 3513 rationem
829 3449 914 3535 legis
945 3449 1051 3516 Falcid

93 3537 275 3602 habendam
299 3540 331 3600 et
354 3539 452 3619 quota
474 3559 550 3620 pars
574 3560 613 3601 ex
636 3560 673 3603 eo
693 3538 866 3624 decederet,
889 3561 960 3605 eam
979 3543 1052 3624 part
