2422 3976
92 199 158 263 232
180 198 227 253 IV.
242 197 458 252 VESPASIANI
471 197 545 253 ΤΙΤΙ
557 197 754 255 DOMITIANI
766 198 875 254 ΤΕΜΡ.
890 198 987 255 IURIS
1002 199 1092 256 OONS

94 362 209 427 emerit
232 365 265 425 et
286 362 314 426 is
333 361 474 448 quinque
493 363 546 445 sit,
569 363 709 448 quinque
727 361 866 447 petenda
884 359 1092 448 (retinendai

94 471 166 515 esse
193 450 278 534 apud
301 450 466 517 Plautium
493 451 630 536 placuit,
657 450 942 536 quemadmodum,
969 452 999 517 si
1024 474 1092 518 mor

93 543 170 604 tuus
194 543 257 625 est,
281 539 365 604 nihil
387 545 549 624 peteretur
571 538 831 627 (retineretur?);
860 539 990 605 sivero
1014 540 1092 626 quin

95 628 198 693 decim
225 629 343 710 dignus
371 632 428 714 sit,
455 651 523 695 uon
548 630 622 713 plus
651 651 747 714 quam
775 629 885 694 decem
907 634 1018 713 potest
1040 634 1092 715 pet

95 715 290 869 (rctigrerii),
313 719 466 804 quoniam
489 721 622 783 eatenus
646 718 784 784 donator
806 719 980 802 pauperior
1001 718 1090 784 factu

95 827 165 871 esse
182 857 189 870 .

457 912 508 979 De
529 934 606 980 cura
625 913 749 995 furiosi

185 1022 238 1087 34.
257 1020 296 1087 D.
305 1022 359 1104 40,
370 1022 399 1106 l,
411 1021 460 1086 13.
497 1019 694 1104 Pomponius
708 1021 792 1087 libro
806 1022 911 1105 primo
926 1043 966 1086 ex
980 1020 1092 1087 Plauti

97 1108 148 1198 (P.
162 1108 252 1197 327).
278 1145 315 1158 -
342 1109 459 1176 Servus
478 1109 591 1175 furiosi
610 1110 652 1174 ab
671 1108 812 1194 adgnato
831 1114 981 1175 curatore
1000 1132 1092 1175 manu

96 1200 186 1264 mitti
213 1221 279 1264 non
307 1201 430 1284 potest,
459 1199 535 1285 quia
556 1199 591 1262 in
614 1198 896 1264 administratione
919 1197 1092 1281 patrimoni

97 1288 311 1354 manumissio
334 1310 399 1353 non
419 1291 478 1354 est.
519 1287 548 1350 si
568 1289 676 1351 autem
695 1309 734 1353 ex
750 1286 995 1352 fideicommissi
1013 1308 1092 1352 caus

97 1377 228 1443 deberet
241 1377 427 1442 libertatem
441 1375 593 1460 furiosus,
607 1375 821 1441 dubitationis
835 1375 1000 1440 tollendae
1012 1396 1092 1442 causi

97 1466 138 1531 ab
158 1462 582 1550 1071111170111111107111111701111
601 1486 738 1547 servum,
755 1468 793 1529 ut
815 1466 856 1529 ab
876 1485 914 1529 eo
929 1465 982 1529 cui
995 1466 1092 1530 munci

92 1552 210 1639 patus²
233 1558 319 1619 esset
342 1553 603 1634 manumittatur,
626 1551 809 1619 Octauenus
832 1554 887 1632 ait

186 1642 252 1708 35?
284 1641 324 1708 D.
346 1641 399 1725 46,
423 1643 454 1727 3,
477 1641 533 1708 65.
586 1641 785 1727 Pomponius
816 1641 900 1706 libro
932 1641 1039 1726 primo
1071 1662 1092 1704 e:

96 1730 227 1796 Plautio
251 1731 300 1817 (P.
320 1728 410 1819 328).
435 1767 474 1778 -
500 1729 536 1797 Si
562 1731 631 1796 filia
657 1730 773 1796 furiosi
795 1753 815 1796 a
837 1731 908 1796 viro
932 1729 1092 1796 dirorterit

98 1820 220 1886 dictum
252 1824 302 1884 est
333 1820 384 1885 vel
417 1823 537 1904 agnato
569 1819 712 1885 curatori
743 1819 912 1885 voluntate
943 1819 1032 1884 filiae
1056 1816 1092 1883 ve

98 1908 184 1974 filiae
208 1909 429 1975 consentiente
452 1911 573 1994 agnato
598 1908 682 1974 solvi
704 1908 822 1974 dotem.

506 2084 556 2151 De
579 2086 703 2151 70770771.

188 2193 239 2258 36.
277 2193 318 2258 D.
341 2194 394 2274 47,
417 2194 447 2275 2,
470 2193 523 2274 67,
549 2194 576 2258 1.
629 2191 749 2257 Paulus
781 2191 866 2257 libro
899 2194 1038 2277 septimo
1066 2186 1092 2253 17

100 2281 264 2346 Plautium
287 2280 336 2368 (P.
351 2279 523 2368 1141).—
548 2279 581 2345 Si
600 2281 628 2345 is
647 2281 699 2346 cui
716 2302 768 2344 res
788 2282 943 2367 subrepta
961 2282 1015 2367 sit,
1036 2279 1092 2344 dun

102 2372 187 2457 apud
201 2372 305 2435 furem
320 2372 371 2450 sit,
386 2371 553 2455 legaverat
566 2392 637 2434 eam
651 2369 733 2434 mihi
745 2368 825 2455 <per
833 2369 976 2435 vindica
962 2365 1092 2448 tionem>

101 2484 153 2546 an,
168 2461 195 2524 si
209 2467 285 2545 post
287 2483 324 2524 ea
271 2459 390 2524 tfur
404 2482 474 2523 eam
490 2461 651 2523 contracte
652 2461 675 2542 t,
690 2458 835 2523 furtit
783 2481 819 2523 ac
820 2459 944 2523 tionem
955 2457 1092 2524 habeant

102 2555 135 2615 et
163 2549 336 2614 secundum
360 2546 421 2612 Oct
407 2547 516 2612 tareni
544 2552 616 2612 seut
618 2569 657 2611 en
659 2547 738 2611 tiam
761 2546 842 2611 mihi
870 2547 932 2612 soli
959 2542 1092 2645 competit

102 2638 182 2702 furti
206 2638 304 2720 actio,
332 2660 405 2702 cum
428 2636 521 2700 heres
545 2658 603 2700 suo
627 2637 756 2701 nomine
779 2657 846 2700 non
869 2636 1004 2721 habeat,
1026 2632 1092 2736 quia

103 2747 303 2812 quacumque
333 2727 459 2790 ratione
491 2722 670 2788 dominium
700 2726 936 2790 mutatumt
892 2725 951 2811 sit,
983 2723 1092 2790 dominc

101 2817 283 2896 competere
305 2813 385 2878 furti
408 2814 570 2878 actionem
593 2815 730 2878 constat.

191 2903 244 2967 37.
267 2901 307 2967 D.
320 2901 398 2967 ibid.
412 2902 536 2983 §2-
498 2901 643 2966 -Eum
663 2902 718 2987 qui
737 2900 915 2967 mulionem
934 2903 1008 2969 dolo
1027 2897 1092 2966 male

103 2990 206 3056 iuius
225 2996 382 3075 vocasset,
406 2993 434 3055 si
453 2993 578 3055 interea
596 2991 703 3054 mulae
722 2991 891 3134 perissent,
867 2991 994 3057 tfurti
1012 2994 1092 3055 tener

103 3084 226 3145 veteres
249 3041 493 3163 responderunt.

193 3168 245 3233 38.
265 3166 305 3233 D.
317 3169 370 3251 48,
387 3169 436 3247 19,
446 3168 499 3233 20.
535 3168 655 3233 Paulus
669 3166 753 3234 libro
768 3171 882 3233 octavo
898 3168 939 3232 ad
952 3167 1092 3234 Plautiuu

103 3256 151 3345 (P.
172 3254 349 3343 7846).-
307 3255 408 3321 -Si
430 3279 537 3341 poena
559 3255 687 3322 alicui
677 3261 803 3342 irrogat
805 3279 851 3341 ur,
876 3262 1042 3344 receptum
1063 3269 1092 3317 es

103 3345 435 3425 commenticiorum,
458 3368 498 3410 nc
522 3346 561 3409 ad
585 3346 756 3410 heredest
742 3349 896 3410 transeat.

177 3510 191 3557 1
212 3503 288 3557 Tuo.
307 3500 482 3556 tradendum.

176 3580 192 3627 2
213 3573 288 3630 Turb.
307 3570 439 3627 traditus.
