2422 3976
509 160 533 207 2.
553 153 714 209 Pedasos

409 369 459 434 De
480 371 660 434 matoria
682 373 807 436 actione.

192 493 245 558 22.
262 491 303 558 D.
320 493 372 576 14,
388 494 415 577 1,
427 496 456 574 1,
466 495 496 559 8.
532 491 692 576 Ulpianus
707 493 790 558 libro
808 493 982 559 vicensimo
997 498 1113 560 octavo

96 582 142 648 ad
175 581 316 647 edictum
345 579 395 668 (P.
414 579 503 668 816).
531 618 572 628 —
602 581 685 657 Quid
717 582 745 646 si
773 588 916 647 mutuam
943 584 1112 666 pecuniam

97 671 279 754 sumpserit
309 668 369 758 (sc.
397 672 553 756 magister
584 667 705 757 navis),
738 693 779 735 an
811 671 878 735 eius
906 672 953 735 rei
981 673 1113 737 nomine

98 759 249 824 videatur
275 758 425 843 gestum?
471 764 504 823 et
527 758 669 843 Pegasus
696 760 874 843 existimat,
901 760 929 823 ei
955 759 995 824 ad
1018 783 1113 825 usum

97 850 173 913 eins
206 847 266 930 rei,
297 848 331 913 in
362 869 458 932 quam
485 847 689 932 praepositus
718 854 780 931 est,
812 846 910 912 fuerit
937 852 1114 933 mutuatus,

98 937 243 1002 dandam
266 937 438 1002 actionem.

193 1045 259 1107 Gai.
277 1049 307 1124 4,
327 1050 378 1107 71.
424 1041 442 1105 ‘.
458 1048 677 1107 ..exercitoria
699 1039 753 1130 (eo.
777 1039 870 1129 actio)
893 1047 992 1106 locum
1013 1047 1115 1121 habet,

98 1157 173 1198 oum
205 1139 293 1212 pater
324 1136 498 1197 dominusne
530 1136 626 1194 filiurn
654 1155 809 1196 servumve
836 1136 1017 1213 magistrum
1043 1139 1114 1199 navi

97 1224 324 1303 praeposuerit,
353 1226 384 1283 et
411 1225 482 1301 quid
510 1242 577 1283 oum
604 1243 639 1283 eo
668 1226 732 1284 eius
759 1225 804 1283 rai
830 1226 930 1302 gratia
956 1225 1005 1284 oui
1027 1244 1114 1301 prae-

96 1314 222 1391 positus
243 1313 348 1390 fuerit,
370 1319 490 1390 gestum
513 1305 591 1372 erit'

429 1503 483 1567 Ad
504 1503 596 1585 leqem
618 1501 790 1584 Aquiliam.

193 1627 245 1691 23.
278 1625 317 1690 D.
331 1626 361 1705 9,
375 1627 406 1709 2,
420 1627 449 1706 5,
464 1627 493 1690 2.
543 1624 705 1708 Ulpianus
733 1625 816 1688 libro
845 1628 959 1690 octavo
987 1626 1112 1692 decimo

95 1716 142 1782 ad
178 1715 317 1779 edictum
350 1712 399 1801 (P.
422 1712 523 1801 613⁰).
555 1751 597 1759 -
630 1714 877 1797 ..quaerimus,
909 1714 936 1778 si
968 1714 1111 1779 furiosus

97 1805 258 1869 damnum
280 1803 413 1885 dederit,
436 1826 476 1867 an
499 1804 581 1888 legis
605 1800 756 1886 Aquiliae
779 1803 865 1866 aetio
889 1802 953 1868 sita
998 1808 1031 1868 et
1053 1803 1112 1867 Pe·

97 1914 202 1979 gasus
229 1894 376 1979 negavit,
403 1913 484 1976 quae
512 1891 598 1955 enim
621 1892 655 1954 in
678 1911 716 1954 eo
739 1890 834 1974 culpa
856 1891 912 1972 sit,
940 1912 1011 1956 cum
1035 1913 1113 1956 suae

98 1978 222 2047 mentis
246 2002 312 2045 non
336 1980 402 2045 sit?

192 2105 246 2170 24.
273 2103 312 2167 Ι).
331 2104 360 2183 9,
375 2105 405 2187 2,
420 2104 449 2185 7,
463 2105 493 2167 2.
542 2101 704 2187 Ulpianus
733 2102 817 2166 libro
846 2106 959 2167 octavo
988 2102 1112 2167 decimo

100 2195 142 2260 ad
171 2193 312 2258 edictum
335 2189 384 2278 (P.
404 2191 507 2279 614⁸).
533 2228 570 2238 -
596 2239 624 2256 ..
644 2192 671 2254 si
699 2190 809 2274 lapsus
839 2190 954 2273 aliquis
982 2212 1111 2256 servum

100 2284 245 2348 alienum
269 2303 366 2346 onere
384 2281 547 2365 presserit,
569 2280 711 2363 Pegasus
731 2280 778 2342 ait
796 2280 867 2362 lege
887 2279 1019 2362 Aquilia
1038 2301 1112 2343 eum

99 2372 206 2437 teneri
228 2370 275 2434 ita
298 2369 440 2452 demum,
466 2370 494 2433 si
517 2369 568 2433 vel
590 2371 663 2452 plus
685 2369 772 2433 iusto
796 2388 830 2431 se
853 2366 1036 2432 oneraverit
1058 2368 1112 2431 vel

101 2459 328 2546 neglegentius
350 2480 409 2543 per
430 2458 589 2522 lubricum
613 2457 790 2520 transierit.

457 2669 507 2735 De
528 2668 760 2735 iurisdictione?

192 2793 246 2859 25.
269 2793 309 2858 Ι).
323 2794 352 2874 2,
370 2795 397 2874 1,
413 2795 507 2876 11,2.
549 2791 649 2857 Gaius
671 2791 754 2855 libro
778 2791 883 2875 primo
907 2791 947 2856 ad
971 2791 1111 2857 edictum

103 2882 302 2967 provinciale
335 2879 384 2967 (Ρ.
407 2883 473 2968 56).
504 2917 542 2928 -
578 2880 613 2946 si
644 2902 708 2944 una
740 2879 824 2944 actio
857 2882 1035 2945 communis
1067 2882 1111 2945 sit

103 2971 246 3056 plurium
266 2993 487 3054 personarum,
509 2970 610 3035 veluti
628 2968 770 3033 familiae
789 2969 1002 3052 erciscundae,
1025 2991 1111 3033 com-

104 3058 196 3124 muni
222 3059 410 3143 dividundo,
437 3060 549 3123 finium
573 3057 801 3142 regundorum,
829 3051 938 3121 utrum
962 3056 1111 3142 singulae

102 3152 212 3232 partes
245 3149 439 3232 spectandae
466 3152 542 3211 sunt
569 3147 652 3211 circa
679 3145 931 3211 iurisdictionem
960 3147 1028 3210 eius
1056 3144 1111 3227 qui

103 3237 284 3321 cognoscit,
312 3236 397 3320 quod
425 3235 522 3302 Ofilio
548 3239 580 3299 et
604 3235 738 3299 Proculo
765 3235 885 3318 placet,
912 3235 987 3317 quia
1013 3254 1111 3296 unus-

101 3326 238 3411 quisque
261 3324 301 3388 de
324 3329 414 3410 parte
437 3347 497 3390 sua
520 3325 643 3408 litigat,
667 3346 708 3386 an
730 3324 839 3406 potius
862 3326 933 3387 tota
950 3343 1012 3402 ree,
1034 3321 1112 3403 quia

101 3420 136 3479 et
166 3417 240 3479 tota
271 3434 322 3478 res
354 3414 386 3478 in
417 3413 569 3477 iudicium
597 3413 686 3476 venit
712 3416 745 3475 et
771 3412 823 3476 vel
850 3411 906 3475 uni
934 3407 1112 3474 adiudicari

101 3504 226 3587 potest,
250 3502 335 3585 quod
358 3501 470 3567 Cassio
494 3505 527 3566 et
552 3500 674 3585 Pegaso
699 3500 813 3583 placet.

156 3613 451 3663 misprenderem
466 3615 500 3656 ed
514 3614 613 3655 Bremer.
634 3615 667 3666 Π,
676 3615 696 3654 2.
918 3605 952 3654 14
