2422 3976
92 168 160 234 520
463 168 741 230 ADDITAMENTA.

210 336 258 397 Dc
280 337 372 411 leuato
395 354 426 397 co
449 339 525 411 quod
545 342 648 399 uuorts
669 355 762 400 causo
777 345 924 415 paucum
945 345 996 401 est.

185 437 214 502 6.
238 435 279 503 D.
298 437 351 519 32,
373 437 426 521 47,
450 440 480 505 1.
502 436 662 523 Ulpianus
683 440 768 506 libro
789 442 947 507 vicesimo
972 441 1107 507 secundo

94 522 137 589 ad
152 522 318 591 Sabinum.
335 561 375 573 -
389 524 480 592 Inter
494 531 638 612 emptum
657 532 690 594 et
706 532 858 614 paratum
875 528 955 614 quid
968 529 1106 613 interest,

93 614 269 696 quaeritur.
309 618 343 679 et
367 636 559 700 responsum
588 620 639 682 est
664 618 699 681 in
732 622 842 701 empto
864 639 932 683 non
956 618 1106 683 continuo

93 705 246 784 paratum
268 703 383 784 inesse,
404 703 439 769 in
456 709 572 789 parato
592 703 750 789 emptum1
770 706 940 791 contineri,
963 706 1064 771 veluti
1081 706 1106 770 si
1149 772 1151 779 ,

93 789 168 873 quis
187 812 269 876 quae
288 792 407 879 prioris
425 794 535 859 uxoris
554 814 652 859 causa
670 795 811 878 emisset,
828 795 1007 880 posteriori
1021 794 1107 861 uxori

93 878 293 980 tradidisset,
317 902 372 948 eas
395 903 447 948 roe
470 904 543 948 eum
562 882 753 967 posterioria
771 883 882 949 uxoris
902 906 1003 949 causa
1018 905 1107 969 para·

93 987 191 1054 visse,
213 991 278 1036 non
302 970 417 1037 emisse
440 974 575 1037 constat.

456 1103 624 1188 Defuncto
647 1104 752 1188 cepeto.

186 1210 216 1275 Ἰ.
253 1210 293 1277 D.
322 1212 378 1298 31,
412 1211 468 1295 76,
496 1211 527 1277 2.
558 1210 648 1275 Idem
681 1207 739 1296 (sc.
769 1208 989 1296 Papinianus)
1031 1210 1109 1277 libro

98 1298 238 1385 septimo
265 1299 516 1385 Respousorum
539 1335 581 1347 -
605 1298 762 1364 Dominus
790 1299 909 1365 herede
931 1299 1109 1366 metuaris

96 1386 222 1471 scripto
256 1389 391 1456 fundum
428 1389 489 1455 sub
529 1387 717 1454 condicione
757 1388 891 1474 legauit
932 1388 1109 1455 voluntatis

94 1475 179 1543 ratio
206 1499 275 1545 non
301 1479 438 1564 patitur,
459 1480 497 1541 ut
523 1476 616 1541 heres
644 1497 683 1541 ex
710 1497 808 1541 causa
835 1476 964 1543 fructus
989 1476 1109 1543 emolu·

96 1569 242 1631 mentum
278 1569 424 1633 retineat.
478 1564 639 1630 divorsum
679 1565 714 1629 in
750 1565 866 1630 ceteris
902 1564 1110 1649 praediorum

96 1654 322 1740 servitutibus,
348 1677 428 1740 quaa
455 1654 548 1719 heres
575 1652 704 1739 habuit,
731 1674 926 1738 responsum
950 1658 1012 1739 est,
1035 1676 1111 1739 quo-

96 1741 186 1805 niam
209 1742 334 1809 fructus
357 1744 515 1828 portionis
537 1742 640 1808 instar
662 1741 796 1826 optinet
880 1793 881 1797 ,

186 1831 216 1896 8.
239 1832 279 1897 D.
298 1832 351 1917 33,
363 1834 395 1910 3,
413 1833 445 1898 3.
461 1830 551 1896 Idem
569 1828 627 1914 (sc.
645 1826 831 1917 Marcellus)
850 1831 935 1896 libro
954 1831 1110 1896 vicesimo

94 1938 182 1984 nono
201 1918 420 2005 Digestorum.
434 1955 480 1967 -
558 1919 765 1984 interiturum
783 1919 853 1984 fore
866 1920 941 1985 viae
954 1919 1110 2005 legatum,

94 2010 133 2072 ut
160 2029 352 2092 responsum
375 2012 437 2092 est,
466 2030 538 2074 cum
562 2008 656 2073 alteri
679 2028 718 2072 ex
739 2008 867 2091 vicinis,
896 2005 953 2091 qui
976 2008 1110 2073 fundum

98 2117 301 2162 comunem
320 2097 494 2180 habebant,
512 2097 598 2162 viam
617 2096 678 2160 sub
697 2095 892 2180 condicione,
916 2096 1016 2161 alteri
1034 2118 1111 2180 pure

98 2185 240 2269 legasset
258 2192 291 2251 et
305 2186 464 2269 pendente
479 2184 666 2249 condicione
682 2184 872 2249 decessisset
886 2185 963 2268 quia
978 2185 1108 2249 alterius

98 2273 248 2357 legatarii
264 2296 403 2358 persona
416 2273 647 2357 impedimento
663 2277 756 2356 esset,
773 2274 961 2357 quominus
977 2273 1109 2355 [solidus

97 2361 214 2427 fundus
238 2364 322 2445 cum]
347 2364 400 2428 via
423 2362 647 2427 vindicaretur.

187 2453 216 2516 9.
247 2452 286 2515 D.
317 2451 373 2534 33,
402 2452 436 2534 7,
466 2451 520 2535 18,
551 2452 599 2515 11.
645 2448 764 2514 Paulus
792 2449 876 2513 libro
900 2449 1043 2515 secundo
1071 2449 1107 2514 ad

98 2539 275 2605 Vitellium.
319 2575 357 2586 -
392 2537 523 2604 Cassius
557 2540 603 2602 ait
641 2560 831 2622 responsum
864 2559 949 2621 esse,
981 2538 1106 2602 tametsi

99 2630 259 2713 mancipia
290 2628 442 2693 instructi
465 2627 557 2692 fundi
581 2627 653 2710 sint,
683 2631 792 2690 tamen
815 2626 919 2690 videri
944 2648 1000 2691 eos
1026 2627 1105 2692 solos

99 2719 225 2801 legatos
249 2739 318 2782 esse
344 2718 398 2800 qui
420 2715 580 2781 nominati
603 2718 718 2795 essent,
742 2715 827 2799 quod
851 2721 1027 2800 appareret
1045 2736 1105 2779 non

100 2806 296 2871 intellexisse
314 2804 599 2888 patremfamilias
618 2805 833 2868 instrumento
853 2825 984 2888 quoque
1003 2823 1104 2869 seruos

101 2893 329 2959 adnumeratus
352 2915 430 2957 esse.

191 2989 376 3063 Responsum
394 2987 455 3046 iam
473 2987 513 3063 ΙΙ,
534 2990 549 3044 1
571 3006 598 3062 p.
616 2988 678 3045 582
701 2987 831 3044 relatum
849 2986 982 3046 fortasse
1002 2985 1104 3046 Sabino

102 3078 295 3138 tribuendum
319 3079 371 3135 est.

302 3161 308 3171 ”
391 3165 437 3224 De
454 3165 684 3239 possessionibus
707 3158 816 3237 tepolis.

188 3269 237 3332 10.
270 3266 308 3332 D.
337 3266 390 3347 50,
421 3267 470 3350 16,
498 3266 549 3331 78.
576 3263 694 3328 Paulus
722 3263 806 3328 libro
831 3263 930 3328 tertio
954 3264 995 3328 ad
1018 3263 1102 3327 Plau-

99 3357 189 3420 tium.
233 3392 270 3402 .-
315 3353 481 3419 Interdum
528 3354 761 3438 proprietatem
807 3373 938 3436 quoque
980 3352 1101 3416 verbum

172 3468 256 3522 11³1.
280 3466 311 3520 in
334 3467 426 3534 empto
450 3468 580 3535 paratum
603 3465 705 3533 inesse,
727 3465 757 3518 in
775 3465 875 3533 parato
899 3481 957 3520 nou
981 3464 1101 3519 continno

102 3543 234 3609 emptum.
252 3539 352 3613 cchd.
372 3537 503 3606 Krocper.
