2422 3976
486 197 511 248 7.
530 189 718 248 Pnoccnus
1045 194 1106 258 111

322 372 373 438 Dc
395 373 584 454 adquirendo
606 393 712 437 rerum
734 374 879 440 1161611116.

180 499 234 564 16.
256 497 297 564 D.
313 498 365 578 19,
376 497 404 580 1,
415 496 467 580 38,
476 497 507 562 2.
540 493 655 561 celsus
669 496 753 561 libro
769 500 882 563 octavo
899 498 1108 582 Digestorum

100 583 292 672 (1191-
315 585 446 651 Firmus
469 608 490 650 a
508 585 646 651 Proculo
670 586 817 670 quaesiit,
839 587 868 651 si
891 587 930 651 de
953 588 1107 672 plumbeo

102 675 229 742 castello
252 674 384 740 fistulae
409 675 469 739 sub
492 677 613 763 1611611
631 675 748 739 missae
767 697 884 759 aquam
903 676 1057 741 ducerent
1074 677 1109 741 in

105 786 208 829 senum
227 763 384 829 lateribus
404 764 693 844 circumstructum‚
713 763 834 828 arrhae
853 764 979 828 aedium
1000 770 1109 830 essent

107 873 139 916 un
167 856 202 918 ut
233 857 310 918 ruta
343 874 437 918 caesa
468 852 577 917 vincta
608 852 736 937 fixaque
770 874 852 937 quae
885 852 1012 917 aedium
1042 875 1108 918 non

111 946 210 1008 essent.
255 941 311 1006 1116
335 940 502 1026 rescripsit
525 941 659 1024 referre,
682 941 759 1024 quid
784 941 848 1006 acti
871 945 965 1006 esset.

182 1054 398 1130 Fragmentum
429 1052 560 1113 fortusse
587 1052 797 1128 Epistularum
829 1052 915 1113 libris
944 1053 1108 1113 attribuen-

115 1139 169 1200 dum
189 1147 244 1202 est

75 1240 77 1245 '
406 1224 457 1290 Dc
478 1225 654 1290 calumniae
675 1225 798 1290 iudicio.

75 1382 79 1391 ·
185 1351 235 1415 17.
264 1349 477 1435 1111163.
502 1387 544 1396 -
568 1347 646 1434 (Si)
666 1348 951 1414 ..restitutorium
979 1348 1030 1413 vel
1059 1369 1110 1413 ex·

119 1432 289 1504 hibitorium
316 1437 525 1503 interdictum
552 1437 711 1522 redditur,
734 1436 902 1504 modo
930 1437 1000 1501 siue
1027 1438 1109 1521 peri·

119 1527 173 1591 culo
203 1550 255 1593 res
289 1527 329 1592 ad
357 1528 478 1591 exitum
504 1527 701 1611 perducitur,
734 1526 830 1591 modo
858 1548 929 1591 cum
957 1525 1110 1610 periculo.

118 1631 237 1701 numque
266 1617 295 1680 si
322 1616 480 1680 arbitrum
507 1616 719 1699 postulaverit
746 1616 774 1679 is
802 1637 876 1680 cum
903 1636 966 1700 quo
993 1615 1110 1700 agitur,

75 1752 78 1759 .
118 1703 216 1789 accipit
238 1704 415 1770 formulam
438 1725 520 1788 quae
544 1704 728 1790 appellatur
751 1703 922 1768 arbitraria
937 1753 944 1767 .
959 1755 965 1768 .
980 1753 987 1769 .
1003 1704 1058 1769 sed
1077 1707 1110 1768 et

118 1795 189 1859 actor
206 1795 277 1859 sine
296 1815 402 1877 poena
416 1794 580 1878 experitur
595 1815 667 1859 curn
683 1815 720 1858 6ο
735 1815 829 1877 quem
843 1814 945 1876 neque
960 1793 1110 1858 exhibere

75 1864 77 1935 !
116 1895 198 1966 neque
235 1883 409 1947 restituere
444 1883 614 1967 quicquam
646 1885 788 1967 oportet,
823 1887 1050 1966 praeterquam
1082 1883 1110 1945 si

75 2020 77 2025 .
115 1970 276 2036 calumniae
299 1970 451 2036 iudicium
470 1971 500 2035 ei
519 1971 704 2055 oppositum
723 1970 819 2034 fuerit
838 1970 977 2035 decimae
992 1972 1110 2054 partis3

115 2075 295 2145 quamquam
318 2058 454 2124 Proculo
480 2060 603 2143 placuit
626 2059 849 2144 denegandum
868 2060 1045 2124 calumniae
1064 2059 1110 2123 iu·

114 2142 215 2213 dicium
244 2150 274 2213 ei
303 2149 358 2232 qui
385 2150 542 2213 arbitrum
571 2148 800 2232 postulaverit,
830 2149 921 2231 quasi
950 2147 1010 2212 hoc
1038 2149 1109 2232 ipso

113 2236 264 2303 confessus
292 2235 441 2302 rideatur
468 2239 638 2302 restituere
666 2259 700 2301 se
728 2239 779 2301 vel
807 2237 956 2301 exhibere
986 2237 1110 2301 debere.

381 2455 421 2514 Π.
454 2456 706 2530 Epistularum
728 2454 824 2513 libri.

183 2579 219 2637 11
246 2579 407 2639 Iustiniani
434 2579 568 2657 Digestis
600 2580 767 2638 afferuntur
795 2579 978 2656 fragmenta,
1013 2578 1039 2636 si
1067 2578 1110 2636 11-

110 2667 311 2743 scriptionibus
334 2667 409 2727 fides
431 2668 569 2727 habenda
591 2670 646 2739 661,
670 2686 705 2726 ex
727 2667 813 2726 libris
836 2667 860 2744 1,
878 2667 919 2743 ΙΙ,
936 2666 990 2742 IV,
1003 2666 1039 2739 V,
1058 2667 1111 2743 VI,

104 2752 163 2832 VII,
195 2756 281 2834 vm,
313 2755 365 2814 XI.
398 2757 477 2831 quod
504 2757 535 2815 in
563 2760 719 2815 auctorum
745 2756 841 2815 iudice
868 2757 942 2814 haec
969 2756 1112 2831 legimtur

105 2836 1112 2926 Ἧροκούλουὲπιστολῶν111111αό1611,61161111111161111111111161111.

184 2934 332 2994 Proculus
359 2935 392 2992 in
418 2935 473 2994 hos
499 2935 591 2994 libros
620 2951 763 3010 responsa
790 2952 844 2992 sua
867 2935 977 2992 selecta
1000 2934 1111 2994 additis

100 3021 142 3099 iis,
165 3042 242 3099 quae
266 3014 456 3082 consilentes
480 3023 516 3081 de
539 3043 572 3082 re
595 3024 633 3082 ad
653 3041 720 3080 eum
739 3023 930 3100 scripserant,
951 3025 1111 3100 congessit.
1153 3046 1159 3067 ¹

98 3130 224 3188 quorum
237 3131 275 3170 ex
288 3130 412 3171 numero
426 3113 548 3188 recepta
562 3113 633 3170 sunt
645 3111 783 3186 inprimis
804 3129 847 3184 ea,
866 3130 941 3188 quae
955 3111 1110 3170 Licinnius

98 3200 231 3260 Lucusta
246 3203 278 3259 et
287 3199 449 3259 Atilicinus
464 3203 495 3260 et
508 3201 608 3276 Nepos
622 3200 843 3274 consuluerant,
858 3218 915 3276 quo
929 3201 1043 3259 factum
1058 3204 1112 3275 est,

97 3291 181 3349 utet
199 3289 333 3365 partium
350 3289 472 3348 uomina
491 3291 668 3348 afferrentur
691 3293 723 3347 et
740 3307 797 3364 res,
821 3288 857 3347 de
876 3289 983 3364 quibus
1002 3287 1112 3364 agitur,

97 3382 237 3438 accurate
261 3377 492 3455 designarentur
516 3370 566 3457 (D.
581 3380 615 3455 8,
631 3380 663 3454 2,
681 3380 720 3437 13
746 3371 885 3448 ‘Quidam
906 3377 1035 3435 Hiberus
1059 3393 1111 3432 16-

97 3467 186 3542 mine,
209 3466 261 3542 qui
283 3467 377 3525 habet
399 3469 468 3542 post
489 3467 597 3526 horrea
619 3486 686 3525 mea
708 3467 847 3542 insulam,
870 3464 1023 3524 balnearia
1041 3463 1113 3522 fecit

98 3555 261 3615 secundum
275 3556 423 3631 parietem
442 3551 648 3615 commuuem’.
680 3556 716 3614 D.
729 3557 780 3632 18,
792 3557 819 3631 1,
830 3556 872 3613 60
887 3546 1013 3611 ‘Rutilia
1027 3551 1114 3611 Polla
