2422 3976
144 182 194 262 JH.
213 182 312 250 QUAE
331 182 585 250 QUAERUNTUR
603 181 674 236 VEL
692 182 933 238 DUBITANTUR
951 181 1029 239 ETO.
1049 183 1115 247 573

332 345 381 411 De
403 347 592 429 adquirendo
611 366 715 411 rerum
737 305 882 412 nmium.

188 461 243 527 30.
266 458 336 526 Gai.
358 463 390 545 2,
414 462 464 528 79.
494 499 530 509 -
554 511 584 525 ..
609 461 636 525 si
658 483 706 524 ex
731 461 801 526 uvis
829 461 908 544 <aut
935 462 1029 526 olivis
1058 466 1115 526 aut
1181 469 1185 476 '

94 548 221 635 spicis>
243 549 324 614 meis
347 552 456 615 vinum
481 554 537 614 ant
560 550 665 615 oleum
689 554 745 614 aut
769 549 967 614 frumentum
990 550 1113 633 feceris,

99 640 266 724 quaeritur
293 643 398 704 utrum
427 661 534 704 meum
563 639 607 703 sit
637 638 670 703 id
697 639 809 703 vinum
839 644 894 703 aut
922 639 1027 703 oleum
1058 644 1116 704 aut

98 729 309 808 frumentum,
328 749 369 792 an
386 732 486 792 tuum.
510 727 590 792 item
609 727 637 790 si
657 750 695 792 ex
714 749 792 792 auro
812 730 869 791 aut
887 731 1021 812 argento
1042 750 1114 794 meo

98 838 158 881 vas
186 815 319 899 aliquod
351 814 465 888 feceris
495 816 547 880 vel
580 838 619 880 ex
651 816 772 880 tabulis
800 816 879 879 meis
912 838 1024 881 navem
1059 821 1115 881 aut

99 903 277 969 armarium
300 908 357 969 aut
374 904 563 970 subsellium
587 904 809 988 fabricaveris3
833 905 911 968 item
933 906 960 968 si
984 928 1021 969 ex
1040 907 1116 970 lana

98 992 174 1058 mea
206 993 435 1058 vestimentum
466 993 593 1076 feceris,
625 994 676 1058 vel
709 995 737 1058 si
771 1015 810 1058 ex
841 993 915 1058 vino
949 996 982 1057 ct
1018 995 1114 1060 melle

97 1103 173 1147 meo
197 1082 337 1146 mulsum
360 1081 488 1166 feceris,
518 1083 586 1147 sive
616 1104 655 1146 ex
678 1082 920 1147 medicamentis
944 1083 1024 1147 meis
1048 1105 1115 1147 em·

97 1170 260 1255 plastrum
284 1171 335 1235 vel
359 1171 527 1254 collyrium
546 1171 658 1235 feceris
676 1171 870 1254 <quaeritur,
893 1178 1001 1236 utrum
1020 1175 1113 1236 tuum

99 1259 144 1323 sit
166 1258 200 1323 id
224 1258 309 1344 quod
332 1280 370 1324 ex
388 1281 466 1325 meo
491 1260 658 1343 offeceris>
681 1282 724 1324 an
746 1281 861 1324 meum.

349 1435 399 1501 De
415 1438 603 1519 possessione
620 1442 648 1501 et
669 1438 861 1519 usucapione.

190 1550 243 1617 31.
267 1549 337 1631 Gai.
360 1553 390 1632 2,
419 1552 469 1617 90.
499 1553 626 1616 -Per
654 1574 707 1616 eas
732 1574 943 1634 ..personas
972 1575 1052 1636 quas
1081 1553 1115 1634 in

99 1661 199 1705 manu
232 1640 433 1724 mancipiove
470 1642 642 1724 habemus,
678 1642 859 1725 proprietas
896 1641 1024 1727 quidem
1060 1640 1114 1705 ad·

98 1729 239 1813 quiritur
258 1728 356 1793 'uobis
380 1751 419 1793 ex
442 1730 591 1795 omnibus
611 1732 726 1810 causis,
751 1731 834 1795 sicut
851 1753 909 1815 per
928 1752 982 1794 eos
1002 1731 1057 1815 qui
1079 1728 1115 1795 in

98 1819 262 1902 potestate
285 1821 397 1882 nostra
420 1823 509 1903 sunta
534 1841 576 1883 an
599 1823 708 1883 autem
731 1821 894 1903 possessio
918 1821 1113 1904 adquiratur,

98 1905 212 1991 quaeri
235 1906 327 1989 solet,
350 1907 426 1991 quia
448 1906 537 1990 ipsas
561 1908 863 1992 non‘possidemus.

189 1999 226 2059 cf.
248 1999 286 2058 n.
309 2002 359 2076 42,
385 2005 413 2069 a,
439 2002 467 2067 1.
492 2003 543 2061 aa.

191 2100 246 2167 32.
268 2098 336 2166 Gai.
360 2102 390 2179 2,
413 2103 465 2166 94.
491 2138 529 2148 -
554 2101 603 2166 De
631 2103 688 2167 illo
707 2103 881 2187 quaeritur,
905 2124 946 2166 an
965 2124 1022 2186 per
1041 2125 1113 2167 eum

99 2210 231 2255 sarvam
245 2189 280 2253 in
294 2211 357 2273 quo
372 2191 607 2256 usumfructum
617 2191 783 2274 habemus,
797 2191 961 2274 possidere
972 2191 1113 2275 aliquam

100 2299 170 2342 rem
186 2283 221 2341 et
233 2299 409 2362 usucapere
423 2281 594 2364 possimus,
614 2279 690 2363 quia
703 2281 808 2364 ipsum
823 2301 887 2343 non
901 2279 1113 2363 possidemus.

191 2384 244 2450 33.
268 2382 340 2450 Gai.
363 2387 393 2470 2,
421 2386 472 2452 95.
501 2423 544 2434 —
568 2434 603 2451 ..
632 2386 671 2450 dc
703 2386 907 2469 possessione
940 2387 1113 2470 quaeritur,

101 2494 143 2538 an
165 2472 247 2558 <per
268 2474 426 2559 liberam>
448 2496 621 2560 personam
644 2476 738 2540 nobis
762 2475 961 2559 adquiratur.

191 2581 242 2645 34.
271 2580 310 2645 D.
339 2583 392 2666 413
421 2583 450 2665 9,
480 2585 508 2666 1,
539 2583 569 2647 2.
616 2581 776 2666 Ulpianus
808 2581 892 2646 libro
925 2581 1115 2666 trigensimc

101 2669 207 2754 primo
227 2669 268 2734 ad
283 2668 447 2736 Sabinum.
473 2705 512 2717 —
532 2671 595 2735 Est
614 2672 761 2756 quaestio
775 2670 907 2754 volgata
922 2692 962 2734 an
979 2693 1115 2754 sponsus

79 2759 208 2842 'possit
305 2780 373 2823 rem
397 2782 457 2842 pro
480 2760 554 2824 dote
577 2781 759 2844 usucapere.

172 2851 339 2928 ·Ulpiauus
363 2853 459 2913 addit:
483 2847 525 2913 ‘ct
547 2854 685 2913 Iulianus
706 2852 814 2931 inquit,
839 2847 885 2912 si'.
922 2886 930 2898 ·

391 3025 425 3110 b)
449 3031 498 3089 De
521 3031 601 3090 iure
623 3031 825 3092 honorario.

439 3231 443 3238 ¹
520 3139 691 3223 ‘Mandata

128 3326 131 3332 .
193 3273 244 3338 35.
273 3271 343 3338 Gai.
366 3273 401 3353 3,
431 3274 502 3339 156.
533 3310 571 3319 -
597 3273 734 3339 ..adeo
772 3273 851 3337 haec
887 3274 934 3337 ita
972 3275 1048 3352 sunt
1080 3275 1117 3337 ut

104 3365 279 3446 quaeratur
304 3383 345 3426 an
367 3362 513 3426 mandati
539 3365 688 3426 teneatur
711 3361 765 3446 qui
789 3361 957 3426 mandavit
979 3360 1051 3445 tibi,
1079 3364 1116 3423 ut

102 3449 190 3516 Titio
214 3452 383 3534 pecuniam
408 3451 601 3515 faenerares.

195 3545 231 3603 cf.
254 3545 270 3603 1
291 3566 320 3621 p.
341 3547 404 3606 207
427 3545 467 3624 Π,
487 3548 503 3604 1
530 3565 558 3620 p.
580 3547 653 3604 574.
