2422 3976
229 39 265 74 υ.
282 39 332 89 ro,
350 39 377 92 r,
393 39 443 90 η,
459 39 476 73 z
502 39 532 72 r.
550 39 674 93 ruuo‘).
711 39 892 88 rumpemus
912 39 1031 90 quoquo
1050 39 1075 72 rn

230 105 375 164 Sabinum
403 103 521 162 Neratii
547 103 632 161 libris
659 120 731 160 usus
760 104 807 160 est
829 102 864 160 D.
881 105 932 180 34,
948 105 977 176 3,
993 104 1057 178 8,2

232 195 287 268 10,
305 195 339 268 3,
363 193 442 268 quod
468 192 669 268 fragmentum
696 191 775 248 inter
803 191 1046 250 Membranarum
1073 213 1075 250 :

229 282 361 358 recipere
384 281 478 339 Lenel
500 299 560 338 non
583 279 743 338 dubitavit.

319 370 385 428 Iam
403 369 440 428 de
453 369 552 446 operis
570 368 771 444 inscriptione,
786 367 822 425 de
837 387 897 442 qua
910 368 969 427 viri
984 368 1064 428 docti

230 458 391 519 videndum
415 461 470 518 est.
509 459 599 533 atque
617 457 697 516 Birt:
721 457 774 515 das
797 457 899 516 antike
918 457 1075 518 Buchwesr

230 569 258 626 p.
280 549 375 624 93sq.
402 546 562 607 Neratium
592 546 648 605 hac
680 545 873 622 inscriptione
899 549 935 605 ut
961 541 1075 607 modest

231 655 321 697 usum
348 653 413 696 esse
440 635 561 711 conicit,
594 633 679 711 quasi
706 630 903 712 ὑπομνήματα
929 653 1075 710 proponet

233 727 312 802 quod
330 723 468 802 Krucger
486 724 517 783 Z.
528 723 555 782 d.
566 721 694 785 San-St.
704 723 779 782 VIII
787 742 816 799 p.
828 726 846 782 7
851 727 869 783 6
888 727 947 783 (1.2
971 725 1020 784 vel
1043 724 1075 783 id

206 831 297 873 .esse
333 812 499 889 existimat,
536 814 615 889 quod
651 812 843 870 membranae
879 831 994 889 papyro
1031 832 1075 872 no]

231 901 344 961 fuerint
361 892 413 981 (cf.
432 901 644 961 Friedlaender
660 901 692 959 in
710 899 858 960 Martialis
878 901 1007 961 editione
1025 901 1075 978 Π]

232 990 336 1067 itaque
362 990 395 1048 in
420 988 477 1049 iur.
496 989 580 1049 Rom.
603 989 730 1049 historia
751 1009 780 1064 p.
796 990 860 1051 170
882 989 963 1048 idem
985 991 1032 1051 vir
1055 991 1074 1051 d

233 1079 290 1140 ait:
313 1073 373 1138 ‘die
395 1078 586 1138 Membranae
610 1079 720 1137 deuten
742 1078 798 1137 mit
821 1078 889 1137 dem
911 1078 991 1138 Titel
1013 1080 1075 1140 wob

233 1170 346 1228 seltene
364 1167 427 1227 und
439 1167 581 1227 kostbare
594 1166 732 1226 Material
750 1167 812 1241 hin,
833 1168 888 1226 auf
903 1168 1046 1228 welchem
1061 1187 1075 1228 s

232 1258 337 1334 artiga
363 1250 505 1317 worden'.
550 1255 581 1314 id
604 1255 683 1332 quod
705 1255 826 1314 minime
849 1256 962 1332 placet,
991 1277 1061 1317 oum

232 1346 379 1406 librorum
391 1345 549 1405 materiam
563 1345 676 1404 iactare
690 1344 855 1421 argentarii
869 1345 910 1405 sit
920 1346 1075 1406 auctiones

233 1453 294 1495 non
319 1434 395 1494 iuris
419 1434 548 1494 consulti
572 1433 636 1492 sani
659 1434 823 1493 sententias
847 1451 915 1493 suas
938 1453 1075 1511 propone:

234 1542 293 1602 que
315 1522 406 1582 Birtii
428 1521 637 1598 interpretatio
662 1520 725 1581 sine
748 1522 840 1583 dubio
862 1523 1019 1598 probanda
1042 1543 1074 1584 es

235 1612 296 1673 alia
321 1611 437 1672 ratione
465 1611 502 1670 ab
531 1612 634 1670 eodem
660 1610 727 1670 viro
755 1611 925 1671 doctissimo
953 1631 1049 1689 aeque

233 1701 343 1780 posita,
363 1701 399 1760 de
419 1718 480 1777 qua
495 1699 672 1776 Marquardt
690 1699 722 1757 II
741 1720 770 1775 p.
792 1702 868 1761 798:
888 1694 1075 1760 ‘Membrana

235 1790 304 1851 weil
326 1808 396 1848 man
418 1789 474 1848 auf
492 1789 584 1847 ihnen
606 1789 684 1847 ohne
707 1787 936 1868 Sohwierigkeit
960 1790 1075 1850 andern

235 1878 358 1938 bessem
384 1878 509 1947 konnte,
542 1897 577 1936 au
604 1877 816 1936 Entwtrfen
847 1896 906 1938 von
933 1877 1049 1955 Reden,

236 1966 408 2042 empfohlen
426 1967 486 2024 und
505 1959 696 2025 verwendetf
732 1965 874 2026 Neratius
892 1966 987 2044 igliur
1006 1969 1075 2027 Men

234 2055 328 2114 libros
351 2073 419 2113 cum
437 2054 586 2113 Labeonis
604 2056 754 2113 Hctuvotv
776 2054 863 2114 libris
881 2055 1010 2114 conferri
1034 2059 1075 2118 vo'

235 2143 349 2220 posteri
383 2137 588 2218 ‘Opinionum'
623 2143 716 2202 libros
746 2143 916 2220 ediderunt,
950 2162 994 2203 er.
1025 2167 1070 2223 gr.

235 2232 329 2292 libros
348 2231 400 2307 VI,
425 2251 550 2308 quorum
573 2233 742 2308 fragmenta
764 2233 855 2291 habes
874 2233 906 2292 P.
918 2235 1071 2294 arec—2

237 2322 334 2396 operis
359 2320 552 2396 inscriptione
574 2322 619 2379 ita
640 2321 794 2379 intellecta
817 2322 942 2399 optime,
970 2343 1049 2399 quae
1073 2352 1075 2375 ι

236 2411 381 2469 librorum
404 2409 502 2467 indole
526 2412 760 2486 cognoscuntur,
789 2411 977 2470 conveniunt.
1024 2433 1075 2473 nor

237 2502 338 2558 autem
352 2498 437 2574 iuris,
457 2496 508 2556 sed
526 2498 626 2572 potius
645 2498 750 2574 peritis
768 2499 845 2557 illud
864 2518 939 2575 opus
955 2501 1074 2561 destina

238 2587 276 2647 iis
299 2588 402 2664 rebus,
425 2603 502 2661 quae
525 2587 724 2661 explicantur,
747 2588 901 2662 probatur.

326 2676 488 2734 Praeterea
506 2675 557 2751 qui
576 2694 623 2734 res
643 2676 675 2733 in
688 2676 735 2735 his
749 2677 834 2735 libris
849 2681 995 2738 tractatas
1010 2682 1076 2755 perl
