2422 3976
439 187 463 237 ὗ.
488 181 625 237 SEXTUS
643 181 773 236 PEDIUS
1067 184 1109 248 85

433 343 537 397 Iaitas
555 342 644 397 vocati
661 347 693 395 at
711 348 781 396 caat.

190 443 221 506 4.
257 442 296 507 D.
320 444 404 526 2‚4‚
430 443 479 524 10,
506 443 555 506 12.
609 441 771 525 Ulpianus
805 443 888 506 libro
922 444 1035 528 quinto
1070 445 1110 508 ad

120 529 242 596 edictum
266 527 316 617 (P.
331 529 420 617 263).
439 569 480 577 -
500 531 634 595 Praetor
654 532 711 595 ait:
735 529 780 593 ‘in
799 531 848 595 ius
868 531 932 596 nisi
951 533 1109 616 permissu

116 639 174 684 nco
196 642 237 683 ne
261 622 334 704 quis
357 618 471 684 voect'.
513 619 727 702 permissurus
752 620 835 682 enim
856 627 914 700 eat,
938 623 965 685 si
984 621 1110 687 famosa

114 707 186 773 actio
209 731 277 773 non
301 710 347 773 sit
368 709 420 774 vel
439 709 592 792 pudorem
613 729 678 773 non
697 707 843 792 sugillat,
867 730 931 791 qua
952 715 1110 794 patronus

113 799 294 862 convenitur
315 797 366 861 vel
389 801 548 881 parentes.
593 802 626 860 et
647 799 752 861 totum
775 795 836 860 hoc
860 818 957 862 causa
979 800 1111 883 cognita

110 884 196 950 debet
224 886 344 969 facere3
375 908 450 950 nam
478 885 639 949 interdurn
669 885 766 949 etiam
794 907 832 948 ex
857 907 953 950 cauea
975 886 1110 970 famosa,

109 979 136 1038 ut
162 974 282 1038 Pedius
315 979 421 1059 putat,
453 975 640 1058 permittere
673 974 768 1038 debet
799 978 972 1057 patronum
999 975 1032 1038 in
1060 976 1109 1040 ius

53 1140 55 1145 Ι
107 1063 209 1128 vocari
244 1086 263 1127 a
295 1063 427 1147 libert03
460 1064 488 1126 si
520 1085 592 1127 eum
622 1062 814 1147 gravissima
839 1063 958 1127 iniuria
985 1063 1110 1149 adfecit,

105 1150 239 1236 flagellis
261 1153 345 1217 forte
369 1151 491 1217 cecidit.

237 1292 282 1363 Ne
300 1309 360 1378 quic
378 1326 450 1374 eam,
468 1310 517 1378 qut
534 1309 566 1362 ia
583 1310 628 1362 ius
645 1308 800 1373 uocabitur,
818 1309 847 1362 oi
864 1309 973 1361 eximat.

187 1408 217 1474 5.
242 1408 282 1473 D.
298 1410 327 1493 2,
343 1411 371 1493 7,
385 1410 461 1493 3pr.
498 1406 658 1492 Ulpianus
678 1408 761 1471 libro
781 1408 895 1491 quinto
915 1408 955 1472 ad
972 1409 1110 1473 edictum

101 1495 145 1581 (P.
165 1493 275 1585 269b).
298 1535 342 1545 -
365 1496 457 1573 Quod
487 1496 516 1561 si
542 1518 667 1560 servum
693 1496 763 1579 quis
788 1497 904 1559 exemit
926 1497 960 1560 in
983 1498 1032 1561 ius
1056 1520 1110 1562 vo·

99 1592 222 1669 catum,
254 1584 371 1651 Pedius
404 1589 498 1669 putat
526 1606 652 1648 cessare
680 1585 832 1666 edietum,
864 1585 1017 1670 quoniam
1044 1608 1110 1651 non

99 1675 160 1740 luit
183 1696 339 1758 persona,
363 1696 443 1759 quae
467 1673 502 1737 in
525 1674 574 1738 ius
597 1675 704 1739 vocari
728 1674 842 1757 potuit.

486 1831 530 1885 De
547 1829 731 1884 vadimoniis?

188 1932 216 1996 6.
251 1930 291 1995 D.
313 1931 366 2016 50,
392 1930 562 2014 16,13,1.
612 1929 701 1994 Idem
734 1930 791 2012 (se.
819 1929 993 2019 Ulpianus)
1026 1932 1109 1996 libro

97 2021 239 2105 septimo
264 2021 304 2084 ad
328 2020 411 2084 edict
397 2024 466 2084 tum
491 2018 541 2106 (P.
556 2017 646 2104 300).
667 2056 704 2066 -
730 2019 794 2084 Res
819 2021 930 2084 abesse
951 2021 1062 2084 vident
1048 2024 1110 2104 tur,

98 2115 133 2173 nt
157 2107 302 2174 Sabinus
331 2108 437 2172 aitet
423 2107 576 2172 tPedius
600 2109 732 2192 probat,
759 2108 855 2172 etiam
880 2109 951 2210 hae,
974 2131 1109 2192 quarum

97 2219 215 2282 corpus
240 2203 360 2279 manet,
336 2196 487 2261 tforma
505 2199 611 2260 mutat
597 2201 632 2260 ta
651 2200 714 2280 est;
737 2196 919 2279 etide0,
893 2220 921 2261 si
941 2204 1110 2299 corruptae

96 2286 243 2351 redditae
264 2286 331 2350 sint
346 2287 423 2350 velt
409 2286 619 2371 transfigurat
621 2308 667 2367 ae,
690 2285 792 2349 videri
811 2285 933 2369 abesse,
957 2288 1108 2371 quoniam

95 2377 288 2458 plerumque
311 2375 383 2459 plus
407 2377 511 2438 est1n
536 2395 649 2438 manus
673 2375 791 2457 pretia,
815 2396 912 2458 quam
935 2375 970 2436 in
993 2397 1035 2437 re.

186 2495 224 2554 cf.
240 2494 356 2554 Lenelii
369 2494 465 2553 Edict.
479 2515 508 2570 p.
524 2497 574 2555 69.
604 2494 683 2552 idem
697 2493 745 2554 vir
760 2495 948 2554 doctissimus
962 2497 1048 2552 notet
1062 2494 1107 2554 P.:

98 2577 252 2643 ‘videntur
274 2584 348 2642 haec
370 2582 521 2659 pertinere
540 2583 578 2641 ad
599 2583 674 2642 talia
692 2583 754 2641 fere
774 2584 864 2642 edicti
882 2584 987 2642 verba:
1011 2582 1043 2640 Si
1061 2602 1108 2642 res

97 2673 177 2732 furto
203 2673 310 2731 abesse
334 2667 489 2731 dicentur’.

506 2875 612 2934 Liber
635 2875 702 2934 VII.

464 2983 508 3037 Dc
526 2984 640 3052 nepotic'c
657 2983 745 3052 pectis.

186 3094 215 3157 7.
241 3091 279 3155 D.
295 3092 325 3174 3,
339 3091 368 3172 5,
384 3091 413 3169 5,
431 3093 480 3156 11.
515 3090 604 3155 Idem
622 3090 680 3177 (sc.
695 3087 868 3178 Ulpianus)
885 3091 968 3157 libro
985 3093 1108 3155 decimo

97 3182 135 3245 ad
168 3182 311 3245 edictum
344 3176 394 3266 (P.
418 3179 577 3265 350).w-
605 3181 825 3263 ..quaeritur
857 3180 939 3264 apud
973 3180 1109 3244 Pedium

97 3270 179 3334 libro
204 3269 360 3352 septimo,
387 3269 415 3333 si
438 3268 560 3332 Titium
584 3270 677 3352 quasi
702 3268 878 3348 debitorem
902 3272 995 3332 tuum
1018 3270 1109 3330 extra

99 3358 251 3424 iudicium
281 3359 476 3422 admonuero
505 3361 537 3421 et
559 3356 586 3420 is
610 3357 690 3421 mihi
714 3357 858 3436 solverit,
887 3379 960 3422 cum
984 3355 1109 3418 debitor

100 3467 162 3512 non
185 3450 282 3530 essct,
304 3450 402 3530 tuque
425 3448 540 3531 postea
563 3448 752 3529 cognoveris
772 3450 804 3511 et
822 3449 928 3511 ratum
947 3443 1108 3524 habueris,

103 3555 140 3599 an
161 3535 369 3620 negotiorum
393 3538 556 3619 gestorum
581 3536 708 3599 actione
733 3557 782 3599 me
804 3534 910 3617 possis
930 3531 1108 3597 convenire.
