2422 3976
486 175 512 226 7.
530 170 719 227 Puoounus
1046 170 1109 236 139

442 412 470 470 1.
497 409 551 469 Ad
572 410 629 469 ius
653 409 768 470 civile.

185 552 285 613 Huius
321 552 442 629 generis
473 553 645 629 fragmenta
676 551 715 611 sd
747 550 942 613 Sabinianum
973 553 1108 613 ordinem

111 641 253 718 ahesani,
276 661 335 718 quo
360 642 531 701 scholarum
553 641 707 701 dissensus
730 641 841 717 optime
864 642 1044 702 illustratur.

471 865 521 932 De
543 869 736 932 testamentis.

338 1013 583 1090 Quonudnodum
605 1018 773 1074 humente
790 1015 873 1086 (taut.

53 1098 56 1185 l
190 1137 217 1199 1.
249 1132 289 1198 D.
312 1134 365 1214 28,
388 1132 419 1214 5,
443 1133 495 1217 60,
516 1133 546 1197 2.
600 1129 714 1197 Celsus
746 1132 829 1197 libro
863 1136 952 1197 sexto
986 1131 1109 1198 decimo

106 1218 305 1309 Digestorum
331 1219 380 1309 (P.
401 1220 490 1307 127).
516 1257 554 1267 -
580 1220 696 1285 ‘Titius
723 1221 817 1286 heres
846 1224 933 1304 est03
961 1219 1053 1286 Seius
1079 1228 1111 1286 ot

105 1305 246 1376 Maevius
282 1310 417 1375 heredes
454 1308 571 1375 sunto'.
626 1309 856 1375 ...Proculo
890 1310 1000 1394 plaoet
1031 1309 1110 1375 duos

104 1400 249 1464 semisses
273 1421 356 1483 esse,
379 1421 515 1482 quorum
539 1399 621 1463 alter
645 1399 843 1463 coniunctim
861 1398 986 1464 duobus
1005 1398 1110 1464 datur.

186 1488 217 1553 2.
239 1486 280 1552 D.
294 1487 347 1570 35,
362 1490 391 1553 1.
407 1489 457 1553 14.
494 1486 693 1571 Pomponius
716 1487 800 1552 libro
825 1490 939 1553 octavo
959 1487 999 1552 ad
1019 1486 1111 1552 Sabi·

101 1596 174 1641 num
206 1574 257 1664 (P.
280 1572 386 1664 balb).
418 1613 461 1623 -
492 1575 612 1640 ‘Titius
648 1575 676 1640 si
708 1579 836 1640 statuas
867 1576 902 1641 in
935 1575 1110 1660 municipio

99 1667 252 1749 posuerit,
275 1665 368 1730 hores
393 1664 484 1731 esto'.
525 1666 553 1729 si
572 1668 704 1749 paratus
724 1669 773 1729 est
790 1687 920 1748 ponere,
944 1666 999 1730 sed
1017 1665 1109 1731 loeus

99 1774 118 1817 a
135 1754 355 1838 municipibus
374 1753 404 1819 ei
422 1776 488 1819 non
508 1753 612 1836 datur,
632 1751 770 1819 Sabinus
784 1753 940 1819 Proculus
958 1754 1110 1819 heredem

98 1862 170 1907 eum
194 1841 265 1908 fore
289 1846 321 1906 et
343 1842 376 1906 in
401 1844 510 1926 legato
534 1841 619 1906 idem
642 1842 720 1907 iuris
745 1864 814 1906 esse
836 1843 956 1909 dieunt

168 2079 218 2138 De
239 2079 311 2150 filiis
331 2079 464 2152 familias
485 2079 530 2138 ael
551 2079 733 2138 instituendis
755 2079 799 2137 uel
822 2079 1034 2138 whueduuds's.

187 2198 217 2263 3.
242 2195 313 2262 Gai.
323 2197 353 2280 2,
364 2197 437 2262 123.
458 2232 496 2244 -
519 2245 543 2261 ..
567 2197 622 2282 qui
644 2197 746 2262 filium
766 2199 801 2260 in
818 2200 982 2281 potestate
999 2197 1112 2281 habet,

95 2307 212 2352 aurare
239 2285 334 2350 debet
356 2291 393 2350 nt
416 2308 488 2350 eum
512 2286 563 2349 vel
586 2286 736 2350 heredem
760 2287 912 2350 instituat
934 2286 986 2350 vel
1009 2286 1111 2350 nomi·

96 2375 203 2440 nutim
227 2374 412 2457 exheredet3
435 2374 580 2457 alioquin
604 2374 632 2439 si
656 2397 729 2438 eum
751 2375 880 2438 silentio
900 2373 1111 2458 praeterierit,

95 2463 261 2528 inutiliter
283 2463 458 2527 testabitur
554 2462 611 2528 sod
633 2462 778 2528 diversae
802 2462 932 2527 soholae
955 2465 1112 2546 auctores,

97 2553 127 2617 si
151 2551 283 2637 quidem
304 2552 390 2616 filius
414 2557 528 2617 mortis
551 2552 654 2636 patris
673 2555 817 2636 tempore
836 2552 933 2631 vivat,
957 2571 1034 2614 sane
1053 2551 1112 2616 im-

96 2639 284 2726 pedimento
317 2661 390 2705 eum
422 2661 493 2704 esso
526 2640 655 2723 seriptis
686 2639 858 2704 heredibus
889 2646 922 2703 et
949 2640 1043 2704 illum
1070 2640 1111 2704 sb

98 2730 257 2794 intestato
276 2728 426 2794 heredem
443 2728 871 2814 fierioonfitentu131ivero
886 2732 960 2793 ante
975 2733 1112 2793 mortem

95 2817 202 2902 patris
223 2820 422 2902 interceptus
441 2818 493 2898 sit,
515 2839 610 2902 posse
630 2839 669 2882 ex
686 2821 881 2883 testamento
900 2816 1112 2882 hereditatem

95 2907 181 2972 adiri
199 2910 326 2990 putant,
349 2906 440 2971 nullo
459 2907 524 2970 iam
542 2907 610 2970 filio
628 2906 871 2989 impedimento,
894 2912 970 2990 quie
989 2906 1112 2972 scilieet

96 2995 291 3061 existimant
311 2993 423 3079 (non)
445 2996 558 3059 statim
576 2996 617 3059 ab
635 2994 730 3059 initio
749 2995 908 3059 inutiliter
927 2994 996 3060 fieri
1015 3000 1112 3059 teste·

96 3094 246 3148 mentum
268 3084 338 3149 filio
361 3084 544 3167 praeterito.

188 3173 219 3236 4.
252 3170 292 3237 D.
306 3173 358 3255 28,
372 3173 403 3251 2,
417 3173 490 3256 6pr.
535 3170 697 3256 Ulpianus
725 3171 808 3237 libro
835 3173 933 3237 tertio
958 3172 998 3236 ad
1021 3168 1112 3234 Sabi-

96 3283 177 3327 num
196 3257 247 3347 (P.
258 3257 371 3348 2445).
388 3297 434 3309 --
454 3309 477 3326 ..
496 3266 546 3324 est
564 3261 747 3345 quaesitum
767 3282 808 3325 an
827 3261 865 3345 is,
886 3261 941 3344 qui
959 3279 1113 3344 generare

96 3349 194 3416 facile
227 3371 294 3414 non
325 3349 445 3433 possit,
476 3353 664 3434 postumum
693 3349 845 3414 heredem
876 3349 981 3413 faeere
1008 3347 1113 3430 possit

164 3437 193 3503 si
213 3443 373 3503 castratus
393 3440 445 3522 sit,
467 3437 612 3503 Iulianus
630 3436 759 3503 Proouli
779 3437 964 3521 opinionem
983 3441 1112 3500 secutus

95 3548 165 3593 non
186 3529 283 3612 putat
304 3530 493 3611 postumum
515 3525 666 3591 heredem
689 3547 784 3610 posse
807 3527 982 3590 instituere.
