<?xml version="1.0" encoding="UTF-8"?>
<!DOCTYPE html PUBLIC "-//W3C//DTD XHTML 1.0 Transitional//EN"
    "http://www.w3.org/TR/xhtml1/DTD/xhtml1-transitional.dtd">
<html xmlns="http://www.w3.org/1999/xhtml" xml:lang="en" lang="en">
 <head>
  <title>
</title>
<meta http-equiv="Content-Type" content="text/html;charset=utf-8" />
  <meta name='ocr-system' content='tesseract 3.04.00' />
  <meta name='ocr-capabilities' content='ocr_page ocr_carea ocr_par ocr_line ocrx_word'/>
</head>
<body>
  <div class='ocr_page' id='page_1' title='image "./iurisprudentiae01bremgoog_0224.png"; bbox 0 0 2422 3976; ppageno 0'>
   <div class='ocr_carea' id='block_1_1' title="bbox 482 148 1110 214">
    <p class='ocr_par' dir='ltr' id='par_1_1' title="bbox 482 148 1110 214">
     <span class='ocr_line' id='line_1_1' title="bbox 482 148 1110 214; baseline 0.013 -8"><span class='ocrx_word' id='word_1_1' title='bbox 482 156 506 206; x_wconf 79' lang='grc'><strong>9.</strong></span> <span class='ocrx_word' id='word_1_2' title='bbox 526 148 731 207; x_wconf 82' lang='lat' dir='ltr'><strong>ATILICINUS</strong></span> <span class='ocrx_word' id='word_1_3' title='bbox 1048 149 1110 214; x_wconf 88' lang='lat'><strong>189</strong></span> 
     </span>
    </p>
   </div>
   <div class='ocr_carea' id='block_1_2' title="bbox 57 312 1116 3591">
    <p class='ocr_par' dir='ltr' id='par_1_2' title="bbox 119 312 1110 757">
     <span class='ocr_line' id='line_1_2' title="bbox 120 312 1108 397; baseline 0.002 -21"><span class='ocrx_word' id='word_1_4' title='bbox 120 316 207 379; x_wconf 87' lang='lat' dir='ltr'><strong>nostra</strong></span> <span class='ocrx_word' id='word_1_5' title='bbox 232 315 464 381; x_wconf 87' lang='lat' dir='ltr'><strong>constitutione</strong></span> <span class='ocrx_word' id='word_1_6' title='bbox 487 314 620 380; x_wconf 89' lang='lat' dir='ltr'><strong>heredes</strong></span> <span class='ocrx_word' id='word_1_7' title='bbox 643 335 698 380; x_wconf 90' lang='lat' dir='ltr'><strong>eos</strong></span> <span class='ocrx_word' id='word_1_8' title='bbox 721 313 889 378; x_wconf 73' lang='lat' dir='ltr'><strong>instituere</strong></span> <span class='ocrx_word' id='word_1_9' title='bbox 912 312 1108 397; x_wconf 88' lang='lat' dir='ltr'><strong>permissum</strong></span> 
     </span>
     <span class='ocr_line' id='line_1_3' title="bbox 121 401 1107 489; baseline 0 -23"><span class='ocrx_word' id='word_1_10' title='bbox 121 405 162 468; x_wconf 84' lang='lat' dir='ltr'><strong>cst</strong></span> <span class='ocrx_word' id='word_1_11' title='bbox 183 404 266 489; x_wconf 89' lang='lat' dir='ltr'><strong>quod</strong></span> <span class='ocrx_word' id='word_1_12' title='bbox 279 427 346 471; x_wconf 92' lang='lat' dir='ltr'><strong>non</strong></span> <span class='ocrx_word' id='word_1_13' title='bbox 359 425 418 489; x_wconf 90' lang='lat' dir='ltr'><strong>per</strong></span> <span class='ocrx_word' id='word_1_14' title='bbox 426 403 670 469; x_wconf 84' lang='lat' dir='ltr'><strong>innovationem</strong></span> <span class='ocrx_word' id='word_1_15' title='bbox 679 402 872 484; x_wconf 87' lang='lat' dir='ltr'>induximus,</span> <span class='ocrx_word' id='word_1_16' title='bbox 886 401 1107 488; x_wconf 85' lang='lat' dir='ltr'><strong>sedquoniam</strong></span> 
     </span>
     <span class='ocr_line' id='line_1_4' title="bbox 120 490 1108 578; baseline 0.006 -26"><span class='ocrx_word' id='word_1_17' title='bbox 120 494 143 553; x_wconf 91' lang='lat' dir='ltr'><strong>ct</strong></span> <span class='ocrx_word' id='word_1_18' title='bbox 155 493 277 578; x_wconf 87' lang='lat' dir='ltr'><strong>sequius</strong></span> <span class='ocrx_word' id='word_1_19' title='bbox 294 497 366 558; x_wconf 86' lang='lat' dir='ltr'><strong>erat</strong></span> <span class='ocrx_word' id='word_1_20' title='bbox 384 497 418 557; x_wconf 91' lang='lat' dir='ltr'><strong>et</strong></span> <span class='ocrx_word' id='word_1_21' title='bbox 432 492 587 557; x_wconf 78' lang='lat' dir='ltr'><strong>Atilicino</strong></span> <span class='ocrx_word' id='word_1_22' title='bbox 605 492 767 576; x_wconf 84' lang='lat' dir='ltr'><strong>placuisse</strong></span> <span class='ocrx_word' id='word_1_23' title='bbox 781 490 900 556; x_wconf 84' lang='lat' dir='ltr'><strong>Paulus</strong></span> <span class='ocrx_word' id='word_1_24' title='bbox 920 493 987 556; x_wconf 90' lang='lat' dir='ltr'><strong>suis</strong></span> <span class='ocrx_word' id='word_1_25' title='bbox 1005 491 1108 574; x_wconf 90' lang='lat' dir='ltr'><strong>libris,</strong></span> 
     </span>
     <span class='ocr_line' id='line_1_5' title="bbox 119 579 1110 665; baseline 0.002 -21"><span class='ocrx_word' id='word_1_26' title='bbox 119 585 269 661; x_wconf 83' lang='lat' dir='ltr'><strong>questam</strong></span> <span class='ocrx_word' id='word_1_27' title='bbox 297 582 337 647; x_wconf 93' lang='lat' dir='ltr'><strong>ad</strong></span> <span class='ocrx_word' id='word_1_28' title='bbox 365 581 541 646; x_wconf 86' lang='lat' dir='ltr'><strong>Masurium</strong></span> <span class='ocrx_word' id='word_1_29' title='bbox 571 579 728 646; x_wconf 83' lang='lat' dir='ltr'><strong>Sabinum</strong></span> <span class='ocrx_word' id='word_1_30' title='bbox 756 602 852 665; x_wconf 84' lang='lat' dir='ltr'><strong>quem</strong></span> <span class='ocrx_word' id='word_1_31' title='bbox 881 580 921 644; x_wconf 90' lang='lat' dir='ltr'><strong>cd</strong></span> <span class='ocrx_word' id='word_1_32' title='bbox 944 579 1110 647; x_wconf 84' lang='lat' dir='ltr'><strong>Plautium</strong></span> 
     </span>
     <span class='ocr_line' id='line_1_6' title="bbox 120 669 373 757; baseline 0.02 -28"><span class='ocrx_word' id='word_1_33' title='bbox 120 669 240 757; x_wconf 79' lang='lat' dir='ltr'><strong>scripsit,</strong></span> <span class='ocrx_word' id='word_1_34' title='bbox 262 671 373 736; x_wconf 83' lang='lat' dir='ltr'><strong>refert.</strong></span> 
     </span>
    </p>

    <p class='ocr_par' dir='ltr' id='par_1_3' title="bbox 104 762 1113 1818">
     <span class='ocr_line' id='line_1_7' title="bbox 185 762 1111 842; baseline 0 -18"><span class='ocrx_word' id='word_1_35' title='bbox 185 763 279 834; x_wconf 77' lang='lat' dir='ltr'><strong>Quam</strong></span> <span class='ocrx_word' id='word_1_36' title='bbox 305 764 505 824; x_wconf 79' lang='lat' dir='ltr'><strong>Tribonianus</strong></span> <span class='ocrx_word' id='word_1_37' title='bbox 537 763 760 824; x_wconf 82' lang='lat' dir='ltr'><strong>innovationem</strong></span> <span class='ocrx_word' id='word_1_38' title='bbox 786 781 847 822; x_wconf 90' lang='lat' dir='ltr'><strong>non</strong></span> <span class='ocrx_word' id='word_1_39' title='bbox 874 780 939 822; x_wconf 89' lang='lat' dir='ltr'><strong>esse</strong></span> <span class='ocrx_word' id='word_1_40' title='bbox 967 762 1111 842; x_wconf 87' lang='lat' dir='ltr'><strong>declarat,</strong></span> 
     </span>
     <span class='ocr_line' id='line_1_8' title="bbox 118 851 1111 927; baseline 0.002 -17"><span class='ocrx_word' id='word_1_41' title='bbox 118 867 167 910; x_wconf 83' lang='lat' dir='ltr'><strong>sun</strong></span> <span class='ocrx_word' id='word_1_42' title='bbox 192 855 241 914; x_wconf 82' lang='lat' dir='ltr'><strong>vel</strong></span> <span class='ocrx_word' id='word_1_43' title='bbox 267 853 413 914; x_wconf 81' lang='lat' dir='ltr'><strong>Antonini</strong></span> <span class='ocrx_word' id='word_1_44' title='bbox 442 852 490 911; x_wconf 92' lang='lat' dir='ltr'><strong>Pii</strong></span> <span class='ocrx_word' id='word_1_45' title='bbox 521 854 621 912; x_wconf 85' lang='lat' dir='ltr'><strong>aetate</strong></span> <span class='ocrx_word' id='word_1_46' title='bbox 653 871 672 911; x_wconf 89' lang='lat' dir='ltr'><strong>a</strong></span> <span class='ocrx_word' id='word_1_47' title='bbox 698 851 850 927; x_wconf 91' lang='lat' dir='ltr'><strong>plerisque</strong></span> <span class='ocrx_word' id='word_1_48' title='bbox 876 851 1019 911; x_wconf 89' lang='lat' dir='ltr'><strong>reiectam</strong></span> <span class='ocrx_word' id='word_1_49' title='bbox 1048 869 1111 912; x_wconf 88' lang='lat' dir='ltr'><strong>esse</strong></span> 
     </span>
     <span class='ocr_line' id='line_1_9' title="bbox 118 933 1112 1016; baseline 0.001 -18"><span class='ocrx_word' id='word_1_50' title='bbox 118 935 165 1001; x_wconf 79' lang='lat' dir='ltr'><strong>Gai.</strong></span> <span class='ocrx_word' id='word_1_51' title='bbox 181 944 209 1016; x_wconf 81' lang='lat'><strong>2,</strong></span> <span class='ocrx_word' id='word_1_52' title='bbox 228 943 404 1003; x_wconf 85' lang='grc'><strong>185-187</strong></span> <span class='ocrx_word' id='word_1_53' title='bbox 436 941 530 1002; x_wconf 88' lang='lat' dir='ltr'><strong>docet.</strong></span> <span class='ocrx_word' id='word_1_54' title='bbox 580 941 653 999; x_wconf 85' lang='lat' dir='ltr'><strong>baec</strong></span> <span class='ocrx_word' id='word_1_55' title='bbox 685 941 764 999; x_wconf 89' lang='lat' dir='ltr'><strong>enim</strong></span> <span class='ocrx_word' id='word_1_56' title='bbox 793 940 848 999; x_wconf 88' lang='lat' dir='ltr'><strong>ait:</strong></span> <span class='ocrx_word' id='word_1_57' title='bbox 886 933 978 999; x_wconf 76' lang='lat' dir='ltr'><strong>‘sicut</strong></span> <span class='ocrx_word' id='word_1_58' title='bbox 1009 944 1112 1009; x_wconf 86' lang='lat' dir='ltr'><strong>autem</strong></span> 
     </span>
     <span class='ocr_line' id='line_1_10' title="bbox 116 1023 1111 1112; baseline 0.004 -27"><span class='ocrx_word' id='word_1_59' title='bbox 116 1023 184 1088; x_wconf 87' lang='lat' dir='ltr'><strong>liberi</strong></span> <span class='ocrx_word' id='word_1_60' title='bbox 200 1032 346 1112; x_wconf 89' lang='lat' dir='ltr'><strong>homines,</strong></span> <span class='ocrx_word' id='word_1_61' title='bbox 363 1031 408 1090; x_wconf 91' lang='lat' dir='ltr'><strong>ita</strong></span> <span class='ocrx_word' id='word_1_62' title='bbox 426 1034 457 1090; x_wconf 91' lang='lat' dir='ltr'><strong>et</strong></span> <span class='ocrx_word' id='word_1_63' title='bbox 476 1030 562 1103; x_wconf 81' lang='lat' dir='ltr'><strong>servi,</strong></span> <span class='ocrx_word' id='word_1_64' title='bbox 577 1033 640 1088; x_wconf 88' lang='lat' dir='ltr'><strong>tam</strong></span> <span class='ocrx_word' id='word_1_65' title='bbox 654 1029 751 1088; x_wconf 89' lang='lat' dir='ltr'><strong>nostri</strong></span> <span class='ocrx_word' id='word_1_66' title='bbox 764 1047 854 1106; x_wconf 86' lang='lat' dir='ltr'><strong>quam</strong></span> <span class='ocrx_word' id='word_1_67' title='bbox 868 1028 967 1104; x_wconf 84' lang='lat' dir='ltr'><strong>alieni,</strong></span> <span class='ocrx_word' id='word_1_68' title='bbox 986 1029 1111 1090; x_wconf 89' lang='lat' dir='ltr'><strong>heredes</strong></span> 
     </span>
     <span class='ocr_line' id='line_1_11' title="bbox 116 1117 1111 1197; baseline 0.003 -22"><span class='ocrx_word' id='word_1_69' title='bbox 116 1117 186 1178; x_wconf 86' lang='lat' dir='ltr'><strong>scribi</strong></span> <span class='ocrx_word' id='word_1_70' title='bbox 207 1122 342 1197; x_wconf 79' lang='lat' dir='ltr'><strong>possunt</strong></span> <span class='ocrx_word' id='word_1_71' title='bbox 384 1120 436 1179; x_wconf 87' lang='lat' dir='ltr'><strong>sed</strong></span> <span class='ocrx_word' id='word_1_72' title='bbox 458 1121 562 1179; x_wconf 87' lang='lat' dir='ltr'><strong>noster</strong></span> <span class='ocrx_word' id='word_1_73' title='bbox 585 1135 689 1178; x_wconf 86' lang='lat' dir='ltr'><strong>servus</strong></span> <span class='ocrx_word' id='word_1_74' title='bbox 713 1117 803 1176; x_wconf 90' lang='lat' dir='ltr'><strong>simul</strong></span> <span class='ocrx_word' id='word_1_75' title='bbox 826 1120 857 1176; x_wconf 93' lang='lat' dir='ltr'><strong>et</strong></span> <span class='ocrx_word' id='word_1_76' title='bbox 879 1117 957 1175; x_wconf 91' lang='lat' dir='ltr'><strong>liber</strong></span> <span class='ocrx_word' id='word_1_77' title='bbox 975 1120 1006 1177; x_wconf 90' lang='lat' dir='ltr'><strong>et</strong></span> <span class='ocrx_word' id='word_1_78' title='bbox 1024 1118 1111 1179; x_wconf 88' lang='lat' dir='ltr'><strong>heres</strong></span> 
     </span>
     <span class='ocr_line' id='line_1_12' title="bbox 114 1201 1111 1284; baseline 0.001 -18"><span class='ocrx_word' id='word_1_79' title='bbox 114 1221 163 1266; x_wconf 75' lang='lat' dir='ltr'><strong>uss</strong></span> <span class='ocrx_word' id='word_1_80' title='bbox 183 1209 281 1269; x_wconf 87' lang='lat' dir='ltr'><strong>iuberi</strong></span> <span class='ocrx_word' id='word_1_81' title='bbox 304 1209 401 1284; x_wconf 90' lang='lat' dir='ltr'><strong>debet,</strong></span> <span class='ocrx_word' id='word_1_82' title='bbox 426 1207 458 1267; x_wconf 90' lang='lat' dir='ltr'><strong>id</strong></span> <span class='ocrx_word' id='word_1_83' title='bbox 480 1210 528 1267; x_wconf 90' lang='lat' dir='ltr'><strong>est</strong></span> <span class='ocrx_word' id='word_1_84' title='bbox 548 1207 605 1267; x_wconf 90' lang='lat' dir='ltr'><strong>hoc</strong></span> <span class='ocrx_word' id='word_1_85' title='bbox 627 1208 715 1266; x_wconf 93' lang='lat' dir='ltr'><strong>modo</strong></span> <span class='ocrx_word' id='word_1_86' title='bbox 740 1201 872 1265; x_wconf 72' lang='lat' dir='ltr'><strong>‘Stichus</strong></span> <span class='ocrx_word' id='word_1_87' title='bbox 897 1224 1001 1266; x_wconf 85' lang='lat' dir='ltr'><strong>servus</strong></span> <span class='ocrx_word' id='word_1_88' title='bbox 1025 1226 1111 1268; x_wconf 90' lang='lat' dir='ltr'><strong>meus</strong></span> 
     </span>
     <span class='ocr_line' id='line_1_13' title="bbox 112 1289 1112 1374; baseline 0.002 -20"><span class='ocrx_word' id='word_1_89' title='bbox 112 1291 174 1356; x_wconf 86' lang='lat' dir='ltr'><strong>liber</strong></span> <span class='ocrx_word' id='word_1_90' title='bbox 202 1299 349 1374; x_wconf 87' lang='lat' dir='ltr'><strong>heresque</strong></span> <span class='ocrx_word' id='word_1_91' title='bbox 381 1289 457 1356; x_wconf 88' lang='lat' dir='ltr'><strong>esto&#39;</strong></span> <span class='ocrx_word' id='word_1_92' title='bbox 485 1296 534 1356; x_wconf 82' lang='lat' dir='ltr'><strong>vel</strong></span> <span class='ocrx_word' id='word_1_93' title='bbox 562 1289 660 1354; x_wconf 81' lang='lat' dir='ltr'><strong>‘heres</strong></span> <span class='ocrx_word' id='word_1_94' title='bbox 687 1296 823 1372; x_wconf 90' lang='lat' dir='ltr'><strong>liberque</strong></span> <span class='ocrx_word' id='word_1_95' title='bbox 850 1289 937 1354; x_wconf 81' lang='lat' dir='ltr'><strong>esto’.</strong></span> <span class='ocrx_word' id='word_1_96' title='bbox 986 1314 1058 1354; x_wconf 89' lang='lat' dir='ltr'><strong>nam</strong></span> <span class='ocrx_word' id='word_1_97' title='bbox 1086 1297 1112 1356; x_wconf 91' lang='lat' dir='ltr'><strong>si</strong></span> 
     </span>
     <span class='ocr_line' id='line_1_14' title="bbox 110 1381 1107 1460; baseline 0 -16"><span class='ocrx_word' id='word_1_98' title='bbox 110 1381 161 1444; x_wconf 78' lang='lat' dir='ltr'><strong>rinc</strong></span> <span class='ocrx_word' id='word_1_99' title='bbox 184 1385 326 1446; x_wconf 87' lang='lat' dir='ltr'><strong>libertate</strong></span> <span class='ocrx_word' id='word_1_100' title='bbox 353 1387 439 1445; x_wconf 93' lang='lat' dir='ltr'><strong>heres</strong></span> <span class='ocrx_word' id='word_1_101' title='bbox 465 1385 625 1445; x_wconf 88' lang='lat' dir='ltr'><strong>institutus</strong></span> <span class='ocrx_word' id='word_1_102' title='bbox 652 1384 705 1460; x_wconf 90' lang='lat' dir='ltr'><strong>sit,</strong></span> <span class='ocrx_word' id='word_1_103' title='bbox 733 1383 851 1442; x_wconf 90' lang='lat' dir='ltr'><strong>etiamsi</strong></span> <span class='ocrx_word' id='word_1_104' title='bbox 875 1386 981 1458; x_wconf 89' lang='lat' dir='ltr'><strong>postea</strong></span> <span class='ocrx_word' id='word_1_105' title='bbox 1003 1403 1107 1444; x_wconf 89' lang='lat' dir='ltr'><strong>manu-</strong></span> 
     </span>
     <span class='ocr_line' id='line_1_15' title="bbox 109 1472 1112 1549; baseline 0 -16"><span class='ocrx_word' id='word_1_106' title='bbox 109 1472 204 1534; x_wconf 88' lang='lat' dir='ltr'><strong>missus</strong></span> <span class='ocrx_word' id='word_1_107' title='bbox 231 1474 326 1534; x_wconf 81' lang='lat' dir='ltr'><strong>fuerit</strong></span> <span class='ocrx_word' id='word_1_108' title='bbox 351 1493 370 1533; x_wconf 84' lang='lat' dir='ltr'><strong>a</strong></span> <span class='ocrx_word' id='word_1_109' title='bbox 392 1473 524 1549; x_wconf 90' lang='lat' dir='ltr'><strong>domino,</strong></span> <span class='ocrx_word' id='word_1_110' title='bbox 552 1474 638 1532; x_wconf 88' lang='lat' dir='ltr'><strong>heres</strong></span> <span class='ocrx_word' id='word_1_111' title='bbox 662 1491 727 1532; x_wconf 90' lang='lat' dir='ltr'><strong>esse</strong></span> <span class='ocrx_word' id='word_1_112' title='bbox 749 1491 810 1531; x_wconf 89' lang='lat' dir='ltr'><strong>non</strong></span> <span class='ocrx_word' id='word_1_113' title='bbox 831 1475 943 1547; x_wconf 89' lang='lat' dir='ltr'><strong>potest,</strong></span> <span class='ocrx_word' id='word_1_114' title='bbox 972 1473 1043 1549; x_wconf 87' lang='lat' dir='ltr'><strong>quia</strong></span> <span class='ocrx_word' id='word_1_115' title='bbox 1066 1475 1112 1533; x_wconf 90' lang='lat' dir='ltr'><strong>in·</strong></span> 
     </span>
     <span class='ocr_line' id='line_1_16' title="bbox 108 1555 1112 1640; baseline 0.003 -21"><span class='ocrx_word' id='word_1_116' title='bbox 108 1560 215 1623; x_wconf 88' lang='lat' dir='ltr'><strong>stitutio</strong></span> <span class='ocrx_word' id='word_1_117' title='bbox 246 1564 279 1622; x_wconf 91' lang='lat' dir='ltr'><strong>in</strong></span> <span class='ocrx_word' id='word_1_118' title='bbox 309 1581 438 1639; x_wconf 87' lang='lat' dir='ltr'><strong>persona</strong></span> <span class='ocrx_word' id='word_1_119' title='bbox 465 1562 527 1622; x_wconf 90' lang='lat' dir='ltr'><strong>sius</strong></span> <span class='ocrx_word' id='word_1_120' title='bbox 554 1580 616 1621; x_wconf 89' lang='lat' dir='ltr'><strong>non</strong></span> <span class='ocrx_word' id='word_1_121' title='bbox 643 1555 797 1622; x_wconf 65' lang='lat' dir='ltr'><strong>constitit?</strong></span> <span class='ocrx_word' id='word_1_122' title='bbox 847 1561 1018 1640; x_wconf 80' lang='lat' dir='ltr'><strong>cf.2,154</strong></span> <span class='ocrx_word' id='word_1_123' title='bbox 1048 1557 1112 1639; x_wconf 73' lang='lat' dir='ltr'><strong>‘qui</strong></span> 
     </span>
     <span class='ocr_line' id='line_1_17' title="bbox 106 1648 1035 1726; baseline 0 -14"><span class='ocrx_word' id='word_1_124' title='bbox 106 1648 258 1714; x_wconf 76' lang='lat' dir='ltr'><strong>facultates</strong></span> <span class='ocrx_word' id='word_1_125' title='bbox 286 1670 355 1712; x_wconf 87' lang='lat' dir='ltr'><strong>suas</strong></span> <span class='ocrx_word' id='word_1_126' title='bbox 383 1654 537 1726; x_wconf 86' lang='lat' dir='ltr'><strong>suspectas</strong></span> <span class='ocrx_word' id='word_1_127' title='bbox 566 1650 669 1723; x_wconf 87' lang='lat' dir='ltr'><strong>habet,</strong></span> <span class='ocrx_word' id='word_1_128' title='bbox 698 1650 775 1710; x_wconf 91' lang='lat' dir='ltr'><strong>solet</strong></span> <span class='ocrx_word' id='word_1_129' title='bbox 803 1668 923 1709; x_wconf 89' lang='lat' dir='ltr'><strong>servum</strong></span> <span class='ocrx_word' id='word_1_130' title='bbox 946 1669 1035 1710; x_wconf 87' lang='lat' dir='ltr'><strong>suum</strong></span> 
     </span>
     <span class='ocr_line' id='line_1_18' title="bbox 104 1733 961 1818; baseline 0.002 -21"><span class='ocrx_word' id='word_1_131' title='bbox 104 1738 225 1801; x_wconf 85' lang='lat' dir='ltr'><strong>liberum</strong></span> <span class='ocrx_word' id='word_1_132' title='bbox 246 1735 334 1818; x_wconf 88' lang='lat' dir='ltr'><strong>&lt;esse</strong></span> <span class='ocrx_word' id='word_1_133' title='bbox 355 1735 480 1818; x_wconf 83' lang='lat' dir='ltr'><strong>iubere&gt;</strong></span> <span class='ocrx_word' id='word_1_134' title='bbox 503 1742 535 1799; x_wconf 90' lang='lat' dir='ltr'><strong>et</strong></span> <span class='ocrx_word' id='word_1_135' title='bbox 556 1739 695 1799; x_wconf 88' lang='lat' dir='ltr'><strong>heredem</strong></span> <span class='ocrx_word' id='word_1_136' title='bbox 717 1733 886 1798; x_wconf 87' lang='lat' dir='ltr'><strong>instituere&#39;</strong></span> <span class='ocrx_word' id='word_1_137' title='bbox 910 1786 961 1800; x_wconf 93' lang='lat'><strong>...</strong></span> 
     </span>
    </p>

    <p class='ocr_par' dir='ltr' id='par_1_4' title="bbox 57 1825 1116 3591">
     <span class='ocr_line' id='line_1_19' title="bbox 57 1825 1110 1905; baseline 0.002 -16"><span class='ocrx_word' id='word_1_138' title='bbox 57 1832 60 1861; x_wconf 82' lang='lat'>&#39;</span> <span class='ocrx_word' id='word_1_139' title='bbox 183 1829 323 1889; x_wconf 87' lang='lat' dir='ltr'><strong>Atilicini</strong></span> <span class='ocrx_word' id='word_1_140' title='bbox 344 1829 495 1888; x_wconf 87' lang='lat' dir='ltr'><strong>contraria</strong></span> <span class='ocrx_word' id='word_1_141' title='bbox 517 1828 667 1888; x_wconf 87' lang='lat' dir='ltr'><strong>sententia</strong></span> <span class='ocrx_word' id='word_1_142' title='bbox 685 1825 760 1886; x_wconf 86' lang='lat' dir='ltr'><strong>Gaio</strong></span> <span class='ocrx_word' id='word_1_143' title='bbox 778 1829 856 1887; x_wconf 88' lang='lat' dir='ltr'><strong>teste</strong></span> <span class='ocrx_word' id='word_1_144' title='bbox 878 1827 926 1888; x_wconf 91' lang='lat' dir='ltr'><strong>ins</strong></span> <span class='ocrx_word' id='word_1_145' title='bbox 950 1848 1010 1905; x_wconf 92' lang='lat' dir='ltr'><strong>quo</strong></span> <span class='ocrx_word' id='word_1_146' title='bbox 1030 1830 1110 1891; x_wconf 80' lang='lat' dir='ltr'><strong>cives</strong></span> 
     </span>
     <span class='ocr_line' id='line_1_20' title="bbox 57 1917 1113 1996; baseline 0.001 -18"><span class='ocrx_word' id='word_1_147' title='bbox 57 1924 61 1939; x_wconf 79' lang='lat'><strong>¹</strong></span> <span class='ocrx_word' id='word_1_148' title='bbox 103 1919 276 1996; x_wconf 88' lang='lat' dir='ltr'><strong>utebantur,</strong></span> <span class='ocrx_word' id='word_1_149' title='bbox 308 1917 431 1976; x_wconf 90' lang='lat' dir='ltr'><strong>dubium</strong></span> <span class='ocrx_word' id='word_1_150' title='bbox 463 1917 587 1977; x_wconf 88' lang='lat' dir='ltr'><strong>reddere</strong></span> <span class='ocrx_word' id='word_1_151' title='bbox 619 1920 684 1976; x_wconf 90' lang='lat' dir='ltr'><strong>tum</strong></span> <span class='ocrx_word' id='word_1_152' title='bbox 715 1935 775 1975; x_wconf 92' lang='lat' dir='ltr'><strong>non</strong></span> <span class='ocrx_word' id='word_1_153' title='bbox 806 1919 933 1991; x_wconf 90' lang='lat' dir='ltr'><strong>poterat.</strong></span> <span class='ocrx_word' id='word_1_154' title='bbox 984 1921 1113 1994; x_wconf 89' lang='lat' dir='ltr'><strong>posteris</strong></span> 
     </span>
     <span class='ocr_line' id='line_1_21' title="bbox 57 1996 1113 2085; baseline 0 -18"><span class='ocrx_word' id='word_1_155' title='bbox 57 1996 59 2007; x_wconf 72' lang='lat'>&#39;</span> <span class='ocrx_word' id='word_1_156' title='bbox 101 2007 216 2067; x_wconf 90' lang='lat' dir='ltr'><strong>demum</strong></span> <span class='ocrx_word' id='word_1_157' title='bbox 244 2007 444 2085; x_wconf 86' lang='lat' dir='ltr'><strong>temporibus,</strong></span> <span class='ocrx_word' id='word_1_158' title='bbox 471 2009 507 2065; x_wconf 91' lang='lat' dir='ltr'><strong>ut</strong></span> <span class='ocrx_word' id='word_1_159' title='bbox 534 2005 667 2065; x_wconf 88' lang='lat' dir='ltr'><strong>conicere</strong></span> <span class='ocrx_word' id='word_1_160' title='bbox 695 2005 778 2078; x_wconf 91' lang='lat' dir='ltr'><strong>licet,</strong></span> <span class='ocrx_word' id='word_1_161' title='bbox 807 2004 910 2064; x_wconf 86' lang='lat' dir='ltr'><strong>Severi</strong></span> <span class='ocrx_word' id='word_1_162' title='bbox 935 2010 1048 2082; x_wconf 87' lang='lat' dir='ltr'><strong>aetate,</strong></span> <span class='ocrx_word' id='word_1_163' title='bbox 1078 2028 1113 2067; x_wconf 84' lang='lat' dir='ltr'><strong>ex</strong></span> 
     </span>
     <span class='ocr_line' id='line_1_22' title="bbox 100 2093 1113 2157; baseline 0.001 -2"><span class='ocrx_word' id='word_1_164' title='bbox 100 2095 234 2157; x_wconf 88' lang='lat' dir='ltr'><strong>Atilicini</strong></span> <span class='ocrx_word' id='word_1_165' title='bbox 257 2094 406 2154; x_wconf 85' lang='lat' dir='ltr'><strong>sententia</strong></span> <span class='ocrx_word' id='word_1_166' title='bbox 429 2095 584 2154; x_wconf 80' lang='lat' dir='ltr'><strong>altercatio</strong></span> <span class='ocrx_word' id='word_1_167' title='bbox 609 2097 712 2154; x_wconf 85' lang='lat' dir='ltr'><strong>exorta</strong></span> <span class='ocrx_word' id='word_1_168' title='bbox 734 2096 788 2154; x_wconf 88' lang='lat' dir='ltr'><strong>est.</strong></span> <span class='ocrx_word' id='word_1_169' title='bbox 829 2093 1015 2155; x_wconf 81' lang='lat' dir='ltr'><strong>iustinianus</strong></span> <span class='ocrx_word' id='word_1_170' title='bbox 1034 2097 1113 2156; x_wconf 90' lang='lat' dir='ltr'><strong>enim</strong></span> 
     </span>
     <span class='ocr_line' id='line_1_23' title="bbox 99 2176 1113 2265; baseline -0.002 -19"><span class='ocrx_word' id='word_1_171' title='bbox 99 2179 144 2262; x_wconf 79' lang='lat'><strong>(0.</strong></span> <span class='ocrx_word' id='word_1_172' title='bbox 160 2189 189 2259; x_wconf 90' lang='grc'><strong>6,</strong></span> <span class='ocrx_word' id='word_1_173' title='bbox 205 2186 257 2261; x_wconf 82' lang='lat'><strong>27,</strong></span> <span class='ocrx_word' id='word_1_174' title='bbox 272 2176 308 2265; x_wconf 85' lang='lat'><strong>5)</strong></span> <span class='ocrx_word' id='word_1_175' title='bbox 327 2185 401 2243; x_wconf 88' lang='lat' dir='ltr'><strong>haec</strong></span> <span class='ocrx_word' id='word_1_176' title='bbox 424 2176 531 2242; x_wconf 86' lang='lat' dir='ltr'><strong>refert:</strong></span> <span class='ocrx_word' id='word_1_177' title='bbox 555 2177 693 2253; x_wconf 75' lang='lat' dir='ltr'><strong>‘Quidam</strong></span> <span class='ocrx_word' id='word_1_178' title='bbox 717 2201 784 2241; x_wconf 90' lang='lat' dir='ltr'><strong>cum</strong></span> <span class='ocrx_word' id='word_1_179' title='bbox 807 2184 1021 2242; x_wconf 86' lang='lat' dir='ltr'><strong>testamentum</strong></span> <span class='ocrx_word' id='word_1_180' title='bbox 1044 2204 1113 2244; x_wconf 92' lang='lat' dir='ltr'><strong>con·</strong></span> 
     </span>
     <span class='ocr_line' id='line_1_24' title="bbox 100 2270 1113 2349; baseline 0 -15"><span class='ocrx_word' id='word_1_181' title='bbox 100 2273 197 2349; x_wconf 88' lang='lat' dir='ltr'><strong>deret,</strong></span> <span class='ocrx_word' id='word_1_182' title='bbox 226 2272 343 2332; x_wconf 87' lang='lat' dir='ltr'><strong>duobus</strong></span> <span class='ocrx_word' id='word_1_183' title='bbox 370 2270 530 2331; x_wconf 90' lang='lat' dir='ltr'><strong>heredibus</strong></span> <span class='ocrx_word' id='word_1_184' title='bbox 558 2271 678 2347; x_wconf 89' lang='lat' dir='ltr'><strong>scriptis</strong></span> <span class='ocrx_word' id='word_1_185' title='bbox 706 2291 799 2329; x_wconf 91' lang='lat' dir='ltr'><strong>unum</strong></span> <span class='ocrx_word' id='word_1_186' title='bbox 825 2271 945 2348; x_wconf 90' lang='lat' dir='ltr'><strong>quidem</strong></span> <span class='ocrx_word' id='word_1_187' title='bbox 969 2279 1113 2347; x_wconf 85' lang='lat' dir='ltr'><strong>exparte</strong></span> 
     </span>
     <span class='ocr_line' id='line_1_25' title="bbox 96 2360 1114 2440; baseline -0.003 -16"><span class='ocrx_word' id='word_1_188' title='bbox 96 2362 243 2440; x_wconf 85' lang='lat' dir='ltr'><strong>instituit,</strong></span> <span class='ocrx_word' id='word_1_189' title='bbox 276 2379 397 2420; x_wconf 85' lang='lat' dir='ltr'><strong>servum</strong></span> <span class='ocrx_word' id='word_1_190' title='bbox 423 2363 525 2419; x_wconf 88' lang='lat' dir='ltr'><strong>autem</strong></span> <span class='ocrx_word' id='word_1_191' title='bbox 552 2378 652 2435; x_wconf 88' lang='lat' dir='ltr'><strong>suum,</strong></span> <span class='ocrx_word' id='word_1_192' title='bbox 684 2360 768 2419; x_wconf 89' lang='lat' dir='ltr'><strong>cuius</strong></span> <span class='ocrx_word' id='word_1_193' title='bbox 796 2363 826 2418; x_wconf 91' lang='lat' dir='ltr'><strong>et</strong></span> <span class='ocrx_word' id='word_1_194' title='bbox 854 2377 962 2418; x_wconf 91' lang='lat' dir='ltr'><strong>nomen</strong></span> <span class='ocrx_word' id='word_1_195' title='bbox 990 2360 1114 2440; x_wconf 84' lang='lat' dir='ltr'><strong>eddidit,</strong></span> 
     </span>
     <span class='ocr_line' id='line_1_26' title="bbox 98 2446 1114 2527; baseline -0.001 -16"><span class='ocrx_word' id='word_1_196' title='bbox 98 2470 133 2511; x_wconf 89' lang='lat' dir='ltr'><strong>ex</strong></span> <span class='ocrx_word' id='word_1_197' title='bbox 160 2451 281 2527; x_wconf 89' lang='lat' dir='ltr'><strong>reliqua</strong></span> <span class='ocrx_word' id='word_1_198' title='bbox 306 2451 392 2525; x_wconf 84' lang='lat' dir='ltr'><strong>parte</strong></span> <span class='ocrx_word' id='word_1_199' title='bbox 420 2450 484 2509; x_wconf 89' lang='lat' dir='ltr'><strong>sine</strong></span> <span class='ocrx_word' id='word_1_200' title='bbox 512 2449 651 2508; x_wconf 87' lang='lat' dir='ltr'><strong>libertate</strong></span> <span class='ocrx_word' id='word_1_201' title='bbox 679 2448 799 2524; x_wconf 90' lang='lat' dir='ltr'><strong>scripsit</strong></span> <span class='ocrx_word' id='word_1_202' title='bbox 826 2446 966 2506; x_wconf 89' lang='lat' dir='ltr'><strong>heredem</strong></span> <span class='ocrx_word' id='word_1_203' title='bbox 1084 2455 1114 2510; x_wconf 90' lang='lat' dir='ltr'><strong>et</strong></span> 
     </span>
     <span class='ocr_line' id='line_1_27' title="bbox 96 2536 1114 2614; baseline -0.001 -14"><span class='ocrx_word' id='word_1_204' title='bbox 96 2540 303 2614; x_wconf 76' lang='lat' dir='ltr'><strong>dubitabatur,</strong></span> <span class='ocrx_word' id='word_1_205' title='bbox 322 2538 349 2598; x_wconf 91' lang='lat' dir='ltr'><strong>si</strong></span> <span class='ocrx_word' id='word_1_206' title='bbox 366 2537 537 2598; x_wconf 89' lang='lat' dir='ltr'><strong>huiusmodi</strong></span> <span class='ocrx_word' id='word_1_207' title='bbox 617 2537 769 2596; x_wconf 90' lang='lat' dir='ltr'><strong>institutio</strong></span> <span class='ocrx_word' id='word_1_208' title='bbox 788 2536 905 2613; x_wconf 87' lang='lat' dir='ltr'><strong>aliquas</strong></span> <span class='ocrx_word' id='word_1_209' title='bbox 918 2536 998 2595; x_wconf 86' lang='lat' dir='ltr'><strong>vires</strong></span> <span class='ocrx_word' id='word_1_210' title='bbox 1012 2542 1114 2612; x_wconf 86' lang='lat' dir='ltr'><strong>potest</strong></span> 
     </span>
     <span class='ocr_line' id='line_1_28' title="bbox 97 2625 1114 2704; baseline 0 -16"><span class='ocrx_word' id='word_1_211' title='bbox 97 2629 208 2689; x_wconf 85' lang='lat' dir='ltr'><strong>babere</strong></span> <span class='ocrx_word' id='word_1_212' title='bbox 316 2629 403 2686; x_wconf 82' lang='lat' dir='ltr'><strong>tanta</strong></span> <span class='ocrx_word' id='word_1_213' title='bbox 429 2627 509 2685; x_wconf 91' lang='lat' dir='ltr'><strong>inter</strong></span> <span class='ocrx_word' id='word_1_214' title='bbox 534 2631 651 2686; x_wconf 85' lang='lat' dir='ltr'><strong>veteres</strong></span> <span class='ocrx_word' id='word_1_215' title='bbox 679 2629 783 2685; x_wconf 82' lang='lat' dir='ltr'><strong>exorta</strong></span> <span class='ocrx_word' id='word_1_216' title='bbox 810 2628 856 2684; x_wconf 88' lang='lat' dir='ltr'><strong>est</strong></span> <span class='ocrx_word' id='word_1_217' title='bbox 883 2625 1049 2704; x_wconf 89' lang='lat' dir='ltr'><strong>eontentio,</strong></span> <span class='ocrx_word' id='word_1_218' title='bbox 1078 2633 1114 2688; x_wconf 88' lang='lat' dir='ltr'><strong>ut</strong></span> 
     </span>
     <span class='ocr_line' id='line_1_29' title="bbox 96 2714 1113 2793; baseline -0.001 -15"><span class='ocrx_word' id='word_1_219' title='bbox 96 2718 149 2778; x_wconf 81' lang='lat' dir='ltr'><strong>rix</strong></span> <span class='ocrx_word' id='word_1_220' title='bbox 173 2715 317 2793; x_wconf 88' lang='lat' dir='ltr'><strong>possibile</strong></span> <span class='ocrx_word' id='word_1_221' title='bbox 344 2715 385 2774; x_wconf 90' lang='lat' dir='ltr'><strong>sit</strong></span> <span class='ocrx_word' id='word_1_222' title='bbox 408 2715 504 2776; x_wconf 77' lang='lat' dir='ltr'><strong>rideri</strong></span> <span class='ocrx_word' id='word_1_223' title='bbox 526 2715 651 2774; x_wconf 87' lang='lat' dir='ltr'><strong>eandem</strong></span> <span class='ocrx_word' id='word_1_224' title='bbox 675 2714 808 2774; x_wconf 87' lang='lat' dir='ltr'><strong>decidere</strong></span> <span class='ocrx_word' id='word_1_225' title='bbox 908 2732 974 2773; x_wconf 92' lang='lat' dir='ltr'><strong>cum</strong></span> <span class='ocrx_word' id='word_1_226' title='bbox 996 2719 1113 2777; x_wconf 85' lang='lat' dir='ltr'><strong>veteres</strong></span> 
     </span>
     <span class='ocr_line' id='line_1_30' title="bbox 97 2802 1113 2884; baseline 0 -18"><span class='ocrx_word' id='word_1_227' title='bbox 97 2809 129 2866; x_wconf 91' lang='lat' dir='ltr'><strong>et</strong></span> <span class='ocrx_word' id='word_1_228' title='bbox 165 2805 259 2865; x_wconf 87' lang='lat' dir='ltr'><strong>aliam</strong></span> <span class='ocrx_word' id='word_1_229' title='bbox 294 2806 515 2880; x_wconf 88' lang='lat' dir='ltr'><strong>proposuerunt</strong></span> <span class='ocrx_word' id='word_1_230' title='bbox 547 2802 775 2882; x_wconf 77' lang='lat' dir='ltr'><strong>ambiguitatem</strong></span> <span class='ocrx_word' id='word_1_231' title='bbox 807 2802 951 2880; x_wconf 75' lang='lat' dir='ltr'><strong>dicenteS,</strong></span> <span class='ocrx_word' id='word_1_232' title='bbox 988 2804 1014 2864; x_wconf 92' lang='lat' dir='ltr'><strong>si</strong></span> <span class='ocrx_word' id='word_1_233' title='bbox 1046 2807 1113 2884; x_wconf 89' lang='lat' dir='ltr'><strong>quis</strong></span> 
     </span>
     <span class='ocr_line' id='line_1_31' title="bbox 97 2891 1114 2971; baseline 0 -16"><span class='ocrx_word' id='word_1_234' title='bbox 97 2914 219 2955; x_wconf 87' lang='lat' dir='ltr'><strong>servum</strong></span> <span class='ocrx_word' id='word_1_235' title='bbox 251 2911 340 2952; x_wconf 90' lang='lat' dir='ltr'><strong>suum</strong></span> <span class='ocrx_word' id='word_1_236' title='bbox 371 2893 403 2951; x_wconf 91' lang='lat' dir='ltr'><strong>in</strong></span> <span class='ocrx_word' id='word_1_237' title='bbox 434 2894 614 2952; x_wconf 88' lang='lat' dir='ltr'><strong>testamento</strong></span> <span class='ocrx_word' id='word_1_238' title='bbox 647 2892 767 2967; x_wconf 92' lang='lat' dir='ltr'><strong>quidem</strong></span> <span class='ocrx_word' id='word_1_239' title='bbox 798 2891 938 2951; x_wconf 89' lang='lat' dir='ltr'><strong>heredem</strong></span> <span class='ocrx_word' id='word_1_240' title='bbox 966 2912 1001 2951; x_wconf 83' lang='lat' dir='ltr'><strong>ex</strong></span> <span class='ocrx_word' id='word_1_241' title='bbox 1029 2900 1114 2971; x_wconf 89' lang='lat' dir='ltr'><strong>parte</strong></span> 
     </span>
     <span class='ocr_line' id='line_1_32' title="bbox 97 2980 1113 3059; baseline 0 -16"><span class='ocrx_word' id='word_1_242' title='bbox 97 2984 162 3044; x_wconf 89' lang='lat' dir='ltr'><strong>sins</strong></span> <span class='ocrx_word' id='word_1_243' title='bbox 185 2984 328 3042; x_wconf 88' lang='lat' dir='ltr'><strong>libertate</strong></span> <span class='ocrx_word' id='word_1_244' title='bbox 350 2980 525 3059; x_wconf 87' lang='lat' dir='ltr'><strong>scripsisset,</strong></span> <span class='ocrx_word' id='word_1_245' title='bbox 547 2981 579 3040; x_wconf 91' lang='lat' dir='ltr'><strong>in</strong></span> <span class='ocrx_word' id='word_1_246' title='bbox 601 2980 745 3040; x_wconf 87' lang='lat' dir='ltr'><strong>codicillis</strong></span> <span class='ocrx_word' id='word_1_247' title='bbox 769 2982 871 3039; x_wconf 88' lang='lat' dir='ltr'><strong>autem</strong></span> <span class='ocrx_word' id='word_1_248' title='bbox 893 2980 1065 3042; x_wconf 87' lang='lat' dir='ltr'><strong>libertatem</strong></span> <span class='ocrx_word' id='word_1_249' title='bbox 1085 2985 1113 3043; x_wconf 91' lang='lat' dir='ltr'><strong>ei</strong></span> 
     </span>
     <span class='ocr_line' id='line_1_33' title="bbox 97 3061 1114 3150; baseline -0.001 -18"><span class='ocrx_word' id='word_1_250' title='bbox 97 3069 282 3149; x_wconf 86' lang='lat' dir='ltr'><strong>reliquisset,</strong></span> <span class='ocrx_word' id='word_1_251' title='bbox 304 3070 330 3129; x_wconf 90' lang='lat' dir='ltr'><strong>si</strong></span> <span class='ocrx_word' id='word_1_252' title='bbox 347 3070 444 3146; x_wconf 89' lang='lat' dir='ltr'><strong>possit</strong></span> <span class='ocrx_word' id='word_1_253' title='bbox 461 3070 613 3129; x_wconf 87' lang='lat' dir='ltr'><strong>institutio</strong></span> <span class='ocrx_word' id='word_1_254' title='bbox 631 3070 733 3130; x_wconf 80' lang='lat' dir='ltr'><strong>velere</strong></span> <span class='ocrx_word' id='word_1_255' title='bbox 752 3061 806 3128; x_wconf 86' lang='lat'>...&#39;</span> <span class='ocrx_word' id='word_1_256' title='bbox 843 3068 945 3146; x_wconf 86' lang='lat' dir='ltr'><strong>itaque</strong></span> <span class='ocrx_word' id='word_1_257' title='bbox 964 3063 1114 3150; x_wconf 72' lang='lat' dir='ltr'><strong>‘veteres&#39;,</strong></span> 
     </span>
     <span class='ocr_line' id='line_1_34' title="bbox 98 3157 1114 3238; baseline 0 -18"><span class='ocrx_word' id='word_1_258' title='bbox 98 3179 228 3238; x_wconf 89' lang='lat' dir='ltr'><strong>quorum</strong></span> <span class='ocrx_word' id='word_1_259' title='bbox 260 3159 371 3218; x_wconf 90' lang='lat' dir='ltr'><strong>mentio</strong></span> <span class='ocrx_word' id='word_1_260' title='bbox 403 3158 450 3234; x_wconf 86' lang='lat' dir='ltr'><strong>fit,</strong></span> <span class='ocrx_word' id='word_1_261' title='bbox 482 3158 566 3218; x_wconf 90' lang='lat' dir='ltr'><strong>tertii</strong></span> <span class='ocrx_word' id='word_1_262' title='bbox 595 3157 715 3217; x_wconf 89' lang='lat' dir='ltr'><strong>demum</strong></span> <span class='ocrx_word' id='word_1_263' title='bbox 743 3157 854 3217; x_wconf 88' lang='lat' dir='ltr'><strong>saeculi</strong></span> <span class='ocrx_word' id='word_1_264' title='bbox 881 3157 957 3217; x_wconf 91' lang='lat' dir='ltr'><strong>iuris</strong></span> <span class='ocrx_word' id='word_1_265' title='bbox 984 3161 1114 3220; x_wconf 87' lang='lat' dir='ltr'><strong>consulti</strong></span> 
     </span>
     <span class='ocr_line' id='line_1_35' title="bbox 98 3245 1112 3322; baseline -0.002 -13"><span class='ocrx_word' id='word_1_266' title='bbox 98 3248 241 3309; x_wconf 83' lang='lat' dir='ltr'><strong>ridentur</strong></span> <span class='ocrx_word' id='word_1_267' title='bbox 255 3247 359 3306; x_wconf 85' lang='lat' dir='ltr'><strong>fnisse.</strong></span> <span class='ocrx_word' id='word_1_268' title='bbox 395 3250 475 3307; x_wconf 86' lang='lat' dir='ltr'><strong>certe</strong></span> <span class='ocrx_word' id='word_1_269' title='bbox 494 3266 520 3306; x_wconf 89' lang='lat' dir='ltr'><strong>a.</strong></span> <span class='ocrx_word' id='word_1_270' title='bbox 532 3249 595 3307; x_wconf 79' lang='lat'><strong>260</strong></span> <span class='ocrx_word' id='word_1_271' title='bbox 613 3247 708 3322; x_wconf 87' lang='lat' dir='ltr'><strong>Impp.</strong></span> <span class='ocrx_word' id='word_1_272' title='bbox 717 3245 897 3305; x_wconf 84' lang='lat' dir='ltr'><strong>Valerianus</strong></span> <span class='ocrx_word' id='word_1_273' title='bbox 912 3250 943 3305; x_wconf 90' lang='lat' dir='ltr'><strong>et</strong></span> <span class='ocrx_word' id='word_1_274' title='bbox 957 3246 1112 3307; x_wconf 78' lang='lat' dir='ltr'><strong>Gallienus</strong></span> 
     </span>
     <span class='ocr_line' id='line_1_36' title="bbox 90 3328 1115 3417; baseline -0.001 -21"><span class='ocrx_word' id='word_1_275' title='bbox 90 3338 237 3398; x_wconf 83' lang='lat' dir='ltr'><strong>referunt</strong></span> <span class='ocrx_word' id='word_1_276' title='bbox 255 3328 301 3416; x_wconf 82' lang='lat' dir='ltr'><strong>(O.</strong></span> <span class='ocrx_word' id='word_1_277' title='bbox 314 3339 341 3410; x_wconf 89' lang='grc'><strong>7,</strong></span> <span class='ocrx_word' id='word_1_278' title='bbox 350 3339 381 3415; x_wconf 85' lang='lat'><strong>4,</strong></span> <span class='ocrx_word' id='word_1_279' title='bbox 393 3329 462 3417; x_wconf 87' lang='lat'>10):</span> <span class='ocrx_word' id='word_1_280' title='bbox 488 3329 560 3395; x_wconf 76' lang='lat' dir='ltr'><strong>‘etsi</strong></span> <span class='ocrx_word' id='word_1_281' title='bbox 580 3355 641 3396; x_wconf 89' lang='lat' dir='ltr'><strong>non</strong></span> <span class='ocrx_word' id='word_1_282' title='bbox 660 3335 811 3412; x_wconf 87' lang='lat' dir='ltr'><strong>adscripta</strong></span> <span class='ocrx_word' id='word_1_283' title='bbox 827 3334 969 3394; x_wconf 84' lang='lat' dir='ltr'><strong>libertate</strong></span> <span class='ocrx_word' id='word_1_284' title='bbox 987 3337 1115 3395; x_wconf 88' lang='lat' dir='ltr'><strong>testator</strong></span> 
     </span>
     <span class='ocr_line' id='line_1_37' title="bbox 100 3424 1115 3501; baseline -0.001 -16"><span class='ocrx_word' id='word_1_285' title='bbox 100 3444 223 3486; x_wconf 85' lang='lat' dir='ltr'><strong>servum</strong></span> <span class='ocrx_word' id='word_1_286' title='bbox 250 3443 339 3484; x_wconf 89' lang='lat' dir='ltr'><strong>suum</strong></span> <span class='ocrx_word' id='word_1_287' title='bbox 362 3428 495 3485; x_wconf 86' lang='lat' dir='ltr'><strong>tutorem</strong></span> <span class='ocrx_word' id='word_1_288' title='bbox 516 3425 586 3484; x_wconf 83' lang='lat' dir='ltr'><strong>filiis</strong></span> <span class='ocrx_word' id='word_1_289' title='bbox 610 3425 671 3484; x_wconf 86' lang='lat' dir='ltr'><strong>suis</strong></span> <span class='ocrx_word' id='word_1_290' title='bbox 695 3424 823 3501; x_wconf 90' lang='lat' dir='ltr'><strong>dederit,</strong></span> <span class='ocrx_word' id='word_1_291' title='bbox 852 3426 1037 3498; x_wconf 87' lang='lat' dir='ltr'><strong>receptum</strong></span> <span class='ocrx_word' id='word_1_292' title='bbox 1060 3429 1115 3484; x_wconf 92' lang='lat' dir='ltr'><strong>est</strong></span> 
     </span>
     <span class='ocr_line' id='line_1_38' title="bbox 100 3510 1116 3591; baseline 0.001 -17"><span class='ocrx_word' id='word_1_293' title='bbox 100 3517 132 3575; x_wconf 88' lang='lat' dir='ltr'><strong>et</strong></span> <span class='ocrx_word' id='word_1_294' title='bbox 153 3513 308 3574; x_wconf 85' lang='lat' dir='ltr'><strong>libertatis</strong></span> <span class='ocrx_word' id='word_1_295' title='bbox 332 3516 363 3574; x_wconf 87' lang='lat' dir='ltr'><strong>et</strong></span> <span class='ocrx_word' id='word_1_296' title='bbox 385 3515 570 3591; x_wconf 90' lang='lat' dir='ltr'><strong>pupillorum</strong></span> <span class='ocrx_word' id='word_1_297' title='bbox 592 3514 704 3590; x_wconf 81' lang='lat' dir='ltr'><strong>favore,</strong></span> <span class='ocrx_word' id='word_1_298' title='bbox 727 3516 763 3571; x_wconf 90' lang='lat' dir='ltr'><strong>ut</strong></span> <span class='ocrx_word' id='word_1_299' title='bbox 783 3531 836 3588; x_wconf 91' lang='lat' dir='ltr'><strong>per</strong></span> <span class='ocrx_word' id='word_1_300' title='bbox 854 3510 1116 3575; x_wconf 87' lang='lat' dir='ltr'><strong>fideicommissum</strong></span> 
     </span>
    </p>
   </div>
   <div class='ocr_carea' id='block_1_3' title="bbox 0 0 1216 3976">
    <p class='ocr_par' dir='ltr' id='par_1_5' title="bbox 0 0 1216 3976">
     <span class='ocr_line' id='line_1_39' title="bbox 0 0 1216 3976; baseline 0 6"><span class='ocrx_word' id='word_1_301' title='bbox 0 0 1216 3976; x_wconf 95' lang='lat' dir='ltr'><strong> </strong></span> 
     </span>
    </p>
   </div>
  </div>
 </body>
</html>
