2422 3976
96 211 136 273 76
164 209 211 264 llI.
227 209 302 267 GAII
317 212 463 268 CLAUDII
471 215 608 270 NERON.
619 216 764 271 GALBAE
775 215 883 271 ΤΕΜΡ.
894 215 989 272 lURlS
1001 215 1101 273 CONS.

96 378 214 438 buenda
244 384 315 441 sunt
342 384 432 459 atque
455 383 510 443 illa
536 385 656 460 quidem
683 387 775 461 capiti
802 385 837 444 de
861 385 1013 460 emptione
1037 403 1102 444 ven-

95 467 207 526 ditione
231 468 427 531 additamenti
449 474 523 533 loeo.

314 647 348 708 Si
369 651 486 723 familia
508 653 621 725 fartam
642 653 743 725 secisse
765 652 882 711 dicetur.

185 766 233 831 18.
272 766 309 832 Ι).
333 769 367 851 9,
390 770 425 851 4,
449 771 547 854 3lpr.
607 770 725 835 Paulus
766 771 849 835 libro
889 771 1028 855 septimo
1064 770 1102 837 ad
1143 830 1145 835 .

96 853 262 919 Plautium
285 855 456 946 (Ρ.1142).
477 897 515 906 -
537 858 629 935 Quod
653 859 699 924 ait
720 863 859 943 praetor,
882 881 956 924 eum
979 859 1103 925 familis
1136 852 1145 923 .¹

94 944 215 1008 furtum
241 944 353 1031 faeiat,
382 949 422 1011 ad
451 970 523 1013 eum
551 949 682 1012 modum
705 969 738 1012 se
762 947 921 1012 notionem
945 946 1102 1032 daturum,

93 1036 131 1097 ut
149 1035 277 1098 tantum
296 1039 387 1112 sotor
405 1041 628 1122 consequatur,
651 1040 807 1121 quantum
827 1036 854 1100 si
873 1037 954 1101 liber
973 1035 1101 1103 fecisset

95 1128 371 1208 consequeretur,*
398 1126 576 1211 quaeritur,
611 1128 718 1190 utrum
751 1125 791 1189 sd
822 1125 978 1209 pecuniae
1014 1147 1101 1210 pree·

96 1212 268 1276 stationem
291 1215 444 1297 respiciat
468 1237 507 1279 an
532 1217 630 1279 etiam
654 1214 694 1278 sd
717 1235 820 1279 noxae
842 1212 1047 1297 deditionem,
1069 1216 1102 1279 ut

95 1301 122 1366 si
137 1322 175 1365 ex
190 1302 302 1385 pretiis
315 1325 419 1367 noxae
434 1304 613 1368 deditorum
628 1303 761 1386 duplum
775 1303 958 1387 colligatur,
972 1323 1102 1386 sequen·

94 1395 144 1454 tes
172 1392 314 1456 actiones
341 1392 557 1456 inhibeantur.
604 1390 742 1456 Sabinus
770 1394 803 1455 et
828 1389 960 1456 Cassius
989 1393 1102 1477 putent

94 1480 234 1565 pretium
258 1501 385 1564 quoque
408 1503 510 1546 noxae
533 1481 714 1545 deditorum
738 1480 891 1564 imputari
914 1480 1038 1544 debere.

232 1661 279 1719 Ne
301 1664 370 1734 qaid
391 1665 424 1721 ia
446 1664 504 1722 loeo
527 1681 610 1722 sucro
632 1663 765 1736 redipioso
786 1665 884 1720 sancto
906 1663 991 1733 fiat.-

186 1779 235 1843 19.
255 1779 294 1843 D.
306 1781 334 1862 1,
344 1781 373 1864 8,
384 1782 414 1864 8,
425 1781 453 1844 1.
481 1780 665 1845 Marcianus
679 1780 763 1845 libro
778 1783 893 1864 quarto
908 1779 1101 1867 Regularum

97 1864 367 1954 (P.2eo).-1n
392 1869 575 1952 municipiis
599 1890 725 1954 quoque
749 1890 857 1933 muros
882 1890 953 1933 esse
978 1868 1100 1934 sanctos

97 1954 252 2020 Sabinum
271 1962 356 2022 reete
375 1958 578 2042 respondisse
598 1957 727 2024 Cassius
745 1957 853 2040 refert,
877 1957 1099 2042 prohiberique

96 2050 244 2128 oportere
268 2068 308 2110 ne
332 2048 407 2130 quid
431 2048 466 2111 in
490 2045 539 2111 his
563 2047 800 2111 immitteretur.

261 2228 307 2287 Ne
328 2231 398 2302 qaid
419 2233 452 2289 ia
474 2232 534 2289 loco
550 2231 668 2304 publico
691 2230 735 2287 ool
756 2231 857 2287 itinere
878 2230 942 2300 fiet.

185 2346 235 2411 20.
260 2346 298 2412 D.
308 2349 361 2433 43,
371 2348 485 2432 24,11,
497 2349 525 2413 1.
565 2347 722 2430 Ulpianus
741 2347 824 2411 libro
844 2346 1101 2432 septuagensimo

96 2435 200 2518 primo
234 2437 273 2500 ad
306 2437 446 2502 edietum
475 2434 524 2524 (P.
546 2437 666 2519 12950).
698 2472 735 2482 —
766 2434 954 2511 Quaesitum
985 2441 1048 2520 est,
1076 2433 1113 2498 si*

97 2528 238 2589 statuam
266 2526 300 2589 in
328 2525 504 2609 municipio
532 2547 570 2589 ex
598 2526 669 2588 loeo
692 2524 821 2608 publico
846 2523 917 2607 quis
942 2523 1102 2588 sustulerit

95 2613 148 2677 vel
172 2614 204 2678 vi
227 2614 277 2679 vel
301 2614 394 2697 elam,
418 2636 460 2679 an
478 2614 539 2679 hoe
556 2612 729 2677 interdicto
748 2617 906 2676 teneatur.
949 2615 983 2678 et
1001 2612 1101 2677 exstat

96 2698 199 2766 Cassii
228 2703 387 2767 sententie
410 2724 497 2785 eum,
523 2704 613 2767 ouius
638 2705 747 2765 statue
768 2702 802 2764 in
824 2701 895 2765 loeo
918 2701 1049 2782 publico
1070 2701 1101 2764 in

97 2791 271 2875 municipio
300 2791 408 2873 posita
435 2792 490 2874 sit,
518 2791 604 2875 quod
631 2791 664 2853 vi
692 2792 748 2854 aut
776 2790 858 2853 olam
884 2809 981 2872 agere
1004 2809 1102 2873 posse,

97 2878 171 2960 quia
198 2879 382 2943 interfuerit
410 2879 478 2943 eius
502 2901 573 2944 eam
596 2900 662 2944 non
685 2878 769 2961 tolli,
797 2877 976 2960 municipes
1002 2883 1102 2943 autem

97 2967 195 3030 etiam
215 2967 293 3032 furti
313 2972 450 3052 acturos,
469 2969 545 3052 quie
563 2989 615 3032 res
635 2989 743 3031 eorum
764 2966 807 3030 sit
821 2967 914 3050 quasi
928 2967 1101 3050 publicata

96 3053 192 3136 <nam
217 3055 279 3140 ipsi
302 3078 373 3121 eam
396 3056 580 3141 reficiunt),
607 3057 635 3121 si
662 3052 823 3120 oetastotr¹
850 3054 1021 3141 deciderit,
1046 3051 1103 3139 ipsi

96 3165 167 3207 eam
190 3145 372 3210 detrahunt.

535 3237 617 3298 Unde
639 3241 677 3298 oi.

185 3349 237 3412 21.
264 3347 303 3413 D.
319 3347 370 3431 43,
387 3347 437 3424 16,
454 3350 481 3430 1,
495 3348 547 3411 27.
593 3347 753 3432 Ulpianus
776 3348 860 3411 libro
885 3347 1102 3432 sexagensimo

96 3459 181 3502 nono
206 3437 244 3500 ad
268 3435 407 3499 edietum
431 3432 601 3523 (21526).
623 3433 755 3500 —Vim
778 3437 811 3501 vi
834 3436 990 3534 repellere
1014 3436 1102 3500 licere

168 3589 181 3635 1
203 3583 249 3637 Fl.
268 3585 371 3636 tamen.
