2422 3976
364 180 390 229 6.
411 172 619 230 IAVOLENUS
638 173 787 231 Pfflscos
1013 174 1078 240 427

63 338 203 421 fundum
224 338 327 404 unmti
347 357 384 403 ea
406 337 475 421 leue,
496 338 545 401 uti
566 338 618 402 des
635 339 799 419 pamniam
818 338 957 404 kalendis
975 338 1079 423 Iuliis,

62 432 94 493 et
122 427 154 493 si
183 426 263 509 ipsis
293 426 429 491 eaturdis
454 447 513 508 per
543 427 726 491 venditorem
757 432 832 492 esset
856 429 988 511 fautum,
1020 449 1079 509 quo

62 516 173 581 minos
180 516 315 598 pemmo
329 516 357 581 ei
370 515 542 598 solveretur,
559 516 666 580 deinde
677 536 736 598 per
749 520 776 580 te
793 520 887 581 staret
900 537 959 598 quo
974 517 1079 582 minus

62 604 207 687 solveres,
234 604 283 669 uti
302 623 394 687 posse
414 605 560 669 adversus
583 609 610 669 te
632 604 694 687 teoe
714 624 774 670 sua
795 606 979 669 venditorem
1001 607 1078 690 diei,

63 694 142 777 quia
163 694 200 758 in
221 694 375 758 vurdendo
397 691 451 757 boo
472 697 623 775 aquetur,
650 697 697 775 ut,
721 695 901 776 quandoque
919 715 977 775 per
998 715 1079 777 emo

64 788 161 849 brein
195 780 315 863 sautum
350 782 404 862 sit,
439 802 498 862 quo
530 782 635 846 miuus
660 784 826 863 pecuniam
858 783 968 864 solvat,
1005 783 1079 866 uuis

57 891 195 955 poetam
216 871 369 954 patiatur.
413 869 468 934 boa
495 868 579 954 [ita]
606 892 711 935 vuum
731 871 837 955 pruta[‚
866 872 982 936 nisisi
1003 873 1080 953 quid

64 961 102 1025 in
124 980 161 1026 ea
183 980 218 1024 re
239 960 377 1024 venditor
398 959 466 1024 doto
486 957 586 1042 feeitJ.

157 1048 230 1113 104.
273 1046 310 1111 D.
335 1048 386 1130 18,
411 1047 511 1129 1,t9.
569 1044 740 1112 Iavolenus
777 1048 861 1112 libro
894 1048 1005 1131 quinto
1038 1069 1078 1112 ex

62 1136 302 1223 posterioribus
325 1135 494 1200 Labeonis.
520 1172 557 1182 -
583 1136 692 1202 Fundi
707 1142 832 1218 partem
854 1137 1018 1202 dimidiam
1040 1159 1077 1203 ea

63 1226 127 1311 teye
144 1226 315 1310 vmdidisti
332 1229 368 1289 ut
383 1229 500 1307 emptor
517 1225 648 1289 atteram
662 1230 792 1307 partem,
810 1247 904 1307 queam
919 1226 1076 1310 retinebas,

63 1315 161 1381 annis
182 1315 282 1379 mern
304 1319 385 1378 certa
400 1314 536 1395 pecnnia
557 1314 592 1377 iu
615 1322 714 1378 anuos
736 1315 873 1396 siuyuios
898 1316 1076 1379 conductam

63 1402 183 1469 babeat.
223 1403 324 1468 Labeo
347 1406 375 1466 et
399 1402 559 1467 Trebatius
579 1408 693 1485 ueoaut
706 1423 797 1485 posse
818 1423 856 1467 eu
877 1404 996 1468 vendito
1014 1404 1076 1486 aqi,

63 1497 101 1558 nt
129 1492 167 1558 id
193 1493 275 1575 qnod
298 1492 468 1556 convenerit
491 1492 557 1575 fiat.
608 1512 659 1574 evo
686 1496 793 1555 eontra
814 1496 906 1576 puto,
933 1493 1076 1564 simodo

63 1582 132 1647 ideo
162 1581 257 1645 vitius
285 1579 421 1661 fundum
452 1580 627 1662 vendidisti,
664 1585 700 1644 ut
729 1580 802 1644 baeu
833 1581 889 1644 tibi
919 1582 1076 1646 oonduetio

61 1674 289 1753 praestantem
321 1689 397 1733 uam
427 1667 482 1734 boo
511 1670 615 1750 ipsum
636 1668 772 1751 pretium
796 1668 892 1750 fundi
917 1671 1077 1750 videretur,

65 1759 147 1842 quod
167 1778 201 1823 eo
219 1762 309 1840 paeto
331 1759 471 1823 venditus
491 1756 609 1838 fuerat,
632 1778 723 1840 eoque
744 1759 811 1822 iure
833 1759 960 1823 utimur.

156 1846 230 1911 105.
258 1846 298 1911 D.
315 1846 365 1930 18,
387 1848 414 1928 1,
434 1847 477 1911 80
490 1868 537 1929 pr.
578 1845 687 1911 Labeo
707 1845 791 1911 libro
810 1848 922 1930 quinto
941 1848 1077 1931 posteri·

10 1966 12 1971 ·
66 1956 160 2001 orum
188 1956 208 1999 a
234 1934 386 1999 Iavoleno
415 1935 673 2018 epitomatorem.
705 1970 742 1980 -
773 1934 851 2000 Cum
883 1956 980 1999 manu
1006 1940 1077 2001 sata

66 2024 100 2089 iu
125 2024 297 2109 venditione
320 2023 415 2104 fundi
441 2024 648 2105 muniuntur,
681 2044 744 2089 uon
770 2044 847 2105 quae
874 2025 908 2088 in
929 2030 1076 2106 perpetuo

68 2118 137 2179 sata
150 2117 225 2178 sunt
237 2113 337 2195 enaim
354 2110 573 2196 vide[re]utur,
591 2114 644 2176 sed
660 2133 737 2194 quae
754 2112 886 2194 simoniis
903 2114 998 2177 aunis
1015 2115 1077 2177 seri

67 2202 174 2287 soient,
200 2202 248 2266 ita
274 2205 310 2265 ut
333 2200 453 2281 fruetus
480 2221 586 2265 eorum
609 2200 750 2276 tottatum
773 2222 849 2265 uam
872 2202 962 2264 atiter
984 2202 1075 2265 iuter·

62 2290 256 2373 metantibus
287 2291 362 2354 vites
391 2294 420 2354 et
445 2289 568 2354 arbores
595 2310 698 2354 omnes
723 2294 861 2370 exceptae
886 2290 1075 2354 videbuntur.

154 2378 228 2443 106.
264 2376 304 2442 Ι).
328 2378 381 2461 33,
403 2378 433 2454 2,
455 2379 508 2442 42.
561 2376 650 2441 Idem
683 2374 741 2464 (so.
773 2375 959 2461 Iavolenus)
991 2378 1075 2442 libro

68 2466 180 2551 quinto
204 2489 243 2531 ex
261 2467 495 2552 posterioribus
518 2464 689 2531 Labeonis.
707 2503 749 2512 -
769 2466 811 2530 Iu
831 2465 936 2546 fructu
958 2467 993 2530 id
1015 2487 1076 2531 esse

67 2556 263 2639 mteiteyitum
286 2557 368 2637 qvood
388 2557 432 2620 ad
451 2576 542 2620 usum
564 2556 697 2620 bominis
719 2556 877 2620 inductum
899 2561 958 2633 est;
981 2576 1076 2637 neque

68 2646 147 2710 mim
172 2646 339 2709 maturitas
365 2644 521 2710 maturatis
542 2644 592 2708 bio
613 2646 776 2726 spectanda
798 2648 853 2722 est,
875 2646 928 2708 sed
948 2645 984 2709 id
1004 2650 1075 2708 tem

64 2753 138 2818 prus,
169 2754 228 2815 quo
259 2735 359 2814 mavis
390 2734 493 2797 voiono
524 2734 680 2798 dominove
711 2753 779 2796 eum
809 2733 944 2812 fructum
974 2734 1076 2797 toliere

68 2822 192 2904 inpedit.
232 2822 336 2903 itaque
357 2841 427 2886 oum
449 2822 515 2886 olea
537 2823 708 2886 immatura
726 2822 800 2903 ptus
821 2820 931 2884 babeat
951 2823 1075 2900 reditus,

68 2930 160 2991 uuam
181 2911 210 2975 si
232 2915 358 2975 matura
380 2910 507 2994 levatur,
529 2930 592 2975 nou
608 2914 708 2991 potest
728 2909 833 2990 videri,
855 2910 885 2974 si
905 2911 1075 2975 immatura

69 2997 141 3064 teuta
163 3004 218 3082 est,
241 3000 277 3063 iu
297 3000 402 3079 fructu
424 3020 487 3063 non
509 3019 578 3064 esse.

303 3182 350 3240 De
371 3183 436 3240 iure
458 3183 544 3255 smodi
566 3183 715 3240 aediumve
738 3185 838 3255 empto.

156 3292 228 3357 107.
264 3291 303 3355 D.
332 3291 497 3374 8,1‚20.
556 3282 736 3354 Iavolenus
762 3291 845 3353 libro
883 3289 996 3373 quinto
1035 3310 1074 3351 ex

72 3381 298 3462 posterioribus
323 3378 491 3443 Labeonis.
510 3415 554 3425 -
577 3377 721 3458 Quotiens
743 3381 795 3443 via
818 3384 874 3443 aut
895 3375 1001 3442 atiudl
1024 3378 1075 3442 ius

138 3550 153 3598 1
173 3544 218 3600 Fi.
237 3544 353 3613 aliquid.
