2422 3976
92 187 158 252 524
458 183 734 239 ADDITAMENTL

96 350 268 434 pecuniam
293 349 403 412 statim
423 350 697 431 consumpturum,
721 368 831 411 servos
852 348 894 411 ab
910 369 948 411 eo
964 347 1102 429 emisset,

94 439 242 522 plerique
272 437 507 521 responderunt
541 457 612 499 eum
645 435 746 500 nihilo
778 437 885 500 minus
919 437 1008 500 bona
1042 434 1101 498 fido

96 530 274 610 emptorem
297 547 374 590 esse.

182 639 219 698 of.
243 636 312 696 Vat.
336 638 373 694 fr.
398 639 426 694 1.

427 796 474 853 De
498 800 620 868 emptore
643 796 772 855 liberato.

185 907 236 971 26.
283 905 322 970 D.
349 906 401 984 46,
430 906 460 988 3,
487 905 540 989 34,
567 904 595 968 5.
642 904 731 968 Idem
757 902 814 990 (so.
837 902 1000 992 lulianus)
1025 905 1099 986 libro

67 1073 69 1079 Ι
97 995 387 1080 quinquagensimo
417 997 532 1077 quarto
560 992 779 1078 Digestorum.
801 1029 845 1039 -
869 1042 899 1058 ..
923 1016 998 1059 oum
1022 993 1099 1077 fugi-

95 1085 195 1166 tivus,
219 1083 274 1168 qui
297 1105 355 1166 pro
379 1083 484 1148 libero
508 1103 541 1146 se
565 1083 706 1165 gerebat,
733 1104 801 1146 rem
825 1082 1033 1163 vendidisset,
1055 1103 1096 1144 re-

97 1195 252 1256 sponsum
284 1175 334 1235 est
366 1176 527 1255 emptores
560 1170 697 1255 fugitivo
731 1171 894 1235 solventes
923 1193 943 1235 a
975 1169 1095 1235 domiuo

96 1262 253 1326 liberatos
275 1282 342 1325 non
365 1281 442 1324 esse.

329 1417 379 1483 De
400 1420 518 1501 nuptiis
541 1424 569 1483 et
590 1421 626 1484 de
647 1421 717 1483 iure
738 1419 863 1484 dotium.

186 1535 237 1599 27.
260 1533 300 1599 D.
324 1536 375 1618 23,
394 1535 424 1613 2,
448 1536 478 1598 6.
500 1532 662 1616 Ulpianus
686 1534 772 1598 libro
795 1532 966 1617 trigesimo
991 1532 1089 1616 quinto

95 1623 135 1687 ad
157 1621 321 1687 Sabinum.
341 1659 382 1668 -
402 1669 454 1687 ...
477 1644 551 1686 eum
565 1624 619 1706 qui
635 1622 801 1686 absentem
821 1621 947 1705 aceepit
961 1641 1088 1700 uxorem,

96 1711 210 1776 deinde
233 1712 358 1775 rediens
373 1734 393 1775 a
407 1733 486 1775 cena
505 1712 596 1775 iuxta
614 1710 757 1775 Tiberim
775 1710 924 1795 perisset,
944 1710 985 1774 ab
1004 1728 1088 1773 uxore

96 1799 272 1884 lugendum
296 1821 487 1884 responsum
512 1803 568 1864 est.
667 1808 670 1815 '

58 1940 61 1956 »
106 1980 108 1986 ,
182 1911 405 1987 cararia.

183 2021 234 2086 28.
258 2021 296 2086 D.
321 2022 372 2102 23,
395 2021 425 2104 3,
448 2022 491 2085 48
501 2043 549 2102 pr.
572 2020 661 2084 ldem
685 2021 742 2106 (so.
761 2019 925 2105 Iulianus)
948 2021 1028 2084 libro
1048 2038 1085 2080 se-

95 2109 198 2174 eundo
218 2109 258 2173 ad
276 2109 426 2174 Urseium
446 2108 608 2173 Ferocem.
624 2145 669 2154 -
687 2109 758 2173 Tali
776 2109 863 2172 faeta
883 2109 1083 2192 stipulatione:

96 2198 215 2262 ‘decem
240 2199 272 2260 in
297 2220 381 2261 anno
406 2199 550 2281 proximo
576 2198 660 2261 dotis
684 2197 813 2261 nomine
838 2197 913 2261 dare
934 2188 1083 2280 spondesl'

94 2287 275 2370 quaesitum
291 2290 348 2362 est,
364 2308 464 2350 annus
480 2309 517 2349 ex
532 2307 594 2369 quo
609 2290 754 2368 tempore
774 2291 860 2349 esset
878 2284 1082 2359 numerandus,

95 2380 203 2438 utrum
236 2398 273 2438 ex
303 2375 351 2437 die
386 2375 604 2457 stipulationis
633 2376 738 2438 factae
762 2396 803 2437 an
828 2396 867 2437 ex
896 2397 933 2438 eo
958 2375 1014 2455 die,
1035 2389 1080 2454 quo

95 2465 153 2527 dos
186 2486 257 2527 esse
289 2464 462 2545 potuisset,
493 2464 524 2526 id
553 2467 603 2526 est
627 2464 822 2546 nuptiarum.
857 2468 890 2526 et
917 2478 1080 2546 responsum

95 2557 145 2616 est
173 2574 210 2614 ex
239 2552 288 2615 die
313 2553 500 2634 nuptiarum
531 2574 651 2614 aunum
680 2573 750 2614 esse
773 2552 1028 2629 numerandum[,
1045 2566 1080 2624 ne,

95 2641 121 2703 si
146 2641 239 2704 aliter
264 2641 514 2717 observaremus,
539 2641 566 2703 si
590 2641 677 2704 intra
701 2662 821 2703 annum
845 2641 975 2723 nuptiae
998 2639 1079 2701 factae

95 2751 160 2792 non
184 2731 258 2811 sint,
282 2729 381 2792 videri
405 2729 509 2812 possit
532 2729 589 2792 dos
615 2752 653 2791 ex
676 2751 714 2791 ea
738 2728 939 2812 obligatione
959 2721 1077 2797 deberit]

183 2818 235 2880 29.
278 2817 315 2880 D.
348 2818 404 2900 50,
436 2818 490 2901 16,
525 2816 597 2881 171.
648 2816 847 2899 Pomponius
889 2818 972 2880 libro
1011 2815 1077 2878 serto
1124 2859 1126 2865 .

95 2904 219 2969 decimo
244 2906 282 2969 ad
308 2905 470 2969 Sabinum.
495 2906 745 2968 —Pervenisse
769 2906 810 2969 ad
833 2909 865 2969 te
885 2910 970 2969 reete
988 2903 1078 2967 dieitur
1124 2910 1126 2923 '

97 2994 181 3077 quod
210 3016 267 3075 per
296 2999 327 3056 te
356 2994 395 3057 ad
424 2995 524 3057 aliurn
548 2995 738 3077 pervenerit,
766 2994 859 3059 utin
883 2994 1078 3058 hereditate

93 3082 211 3146 liberto
225 3104 282 3165 per
301 3087 472 3164 patronum
491 3082 594 3145 filium
615 3082 754 3146 familias
769 3083 855 3165 patri
870 3084 938 3147 eius
954 3077 1077 3162 adoptivo

94 3172 257 3255 adquisita
280 3192 471 3254 responsum
496 3176 554 3235 est.

506 3329 556 3394 De
578 3332 683 3396 tutelis,

183 3447 234 3509 30.
268 3444 305 3507 Ι).
340 3446 396 3525 31,
428 3447 471 3509 45
482 3467 528 3526 pr.
564 3445 652 3509 ldem
684 3442 739 3532 (so.
773 3442 986 3530 Pomponius)
1014 3440 1075 3504 libro

94 3537 208 3597 octavo
237 3534 276 3597 ad
306 3532 459 3608 Quintum
488 3533 637 3597 Mucium.
666 3571 708 3581 —
818 3534 846 3598 si
874 3536 922 3598 ita
949 3531 1075 3615 scripum
