2422 3976
101 183 164 248 158
179 184 226 241 111.
237 183 313 241 usn
322 181 469 240 CLAUDII
477 182 613 240 NERON.
623 183 768 240 GALBAE
778 184 887 241 TEMP.
897 185 994 242 murs
1004 185 1106 246 CONS.

98 351 149 412 ter
168 368 240 412 enm
259 346 418 431 mancipio
438 345 507 411 dari
526 346 649 426 debere,
668 348 744 432 quia
762 349 832 432 lege
845 347 910 413 XII
923 350 1106 416 tabularum

99 441 228 500 cautum
250 436 301 518 sit,
324 436 386 520 <ne
406 435 500 500 aliter
517 435 605 500 filius
624 436 663 501 de
681 440 843 520 potestate
861 437 988 523 patris>
1008 443 1106 524 exest,

99 546 195 609 quam
218 524 246 589 si
268 528 319 589 ter
341 524 439 589 fuerit
461 525 674 609 mancipatus.

442 665 492 732 Dc
513 667 626 731 damno
648 666 766 749 infecto.

189 774 238 839 78.
275 769 313 838 D.
337 773 390 857 39,
408 771 440 857 2,
457 773 510 839 26.
568 771 727 854 Ulpianus
764 772 847 838 libro
883 775 1106 859 octogensimo

98 861 203 946 primo
231 861 271 927 ad
299 861 438 926 edictum
465 858 517 948 (P.
539 857 662 946 175412).
694 897 730 908 —
761 860 916 928 Proculus
943 864 1005 946 ait,
1036 885 1106 929 cum

97 951 169 1034 quis
197 951 268 1015 iure
296 950 373 1034 quid
401 950 435 1014 in
463 970 521 1014 suo
550 949 683 1032 faceret,
714 951 861 1033 quamvis
888 951 1107 1034 promississet

98 1038 207 1104 damni
229 1040 340 1104 infecti
361 1037 477 1119 vicino,
502 1058 570 1102 non
592 1041 700 1103 tamen
724 1061 796 1104 eum
820 1041 922 1103 teneri
946 1061 984 1105 ea
1007 1041 1106 1126 stipu-

96 1127 233 1210 latione,
259 1128 362 1194 veluti
390 1128 417 1191 si
443 1127 534 1191 iuxta
556 1148 629 1191 mea
651 1127 795 1192 aedificia
817 1126 938 1192 habeas
963 1128 1105 1194 aedificia

98 1237 198 1300 eaque
222 1218 290 1281 iure
313 1220 369 1280 tuo
394 1216 493 1280 altius
516 1215 623 1294 tollas,
646 1220 704 1280 aut
726 1215 808 1284 siin
825 1217 932 1282 vicino
951 1221 1009 1282 tuo
1029 1238 1103 1304 agro

98 1306 246 1371 cuniculo
269 1306 320 1371 vel
338 1304 427 1369 fossa
446 1326 562 1388 aquam
581 1325 686 1368 meam
705 1325 832 1388 avoces3
855 1307 1004 1389 quamvis
1024 1307 1103 1371 enim

99 1399 133 1460 et
155 1393 208 1460 bic
232 1415 349 1478 aquam
371 1392 452 1457 mihi
475 1393 613 1457 abducas
637 1397 670 1457 et
691 1393 757 1458 illic
780 1394 956 1460 luminibus
976 1395 1102 1476 efficias,

99 1489 208 1549 tamen
228 1505 267 1547 ex
286 1505 323 1546 ea
343 1481 551 1566 stipulatione
571 1481 730 1546 actionem
744 1481 824 1545 mihi
838 1503 903 1547 non
917 1488 1102 1569 competere,

99 1572 246 1657 [scilicet
268 1572 426 1654 quianon
446 1569 561 1634 debeat
580 1570 678 1635 videri
696 1570 724 1634 is
744 1569 897 1635 damnum
916 1571 1030 1657 lacere,
1052 1571 1100 1657 qui

98 1681 136 1726 eo
161 1661 260 1724 veluti
280 1660 379 1742 lucro,
403 1681 465 1744 quo
486 1659 589 1724 adhuc
607 1658 767 1743 utebatur,
790 1659 1008 1747 prohibeturJ,
1029 1659 1100 1725 mul·

97 1752 230 1832 tumque
250 1747 414 1830 interesse,
433 1754 540 1812 utrum
560 1748 713 1812 damnum
731 1748 801 1830 quis
820 1747 929 1831 faciat,
948 1771 990 1813 an
1009 1750 1099 1830 lucro,

98 1837 183 1922 quod
207 1836 311 1901 adbuc
335 1836 484 1920 faciebat,
508 1838 556 1901 uti
578 1834 796 1921 prohibeatur.

185 1930 306 1989 Pernioe
329 1923 374 1989 ΙΙ9
395 1951 423 2008 p.
438 1933 479 1991 49
505 1950 532 1988 n.
549 1932 578 1990 2.

187 2014 237 2080 79.
259 2013 298 2079 D.
312 2014 360 2096 10,
371 2015 400 2096 3,
410 2014 440 2082 5,
479 2013 635 2096 Ulpianus
649 2013 733 2078 libro
748 2013 886 2078 secundo
902 2013 941 2078 ad
957 2013 1095 2080 Urseium

96 2101 249 2167 Ferocem
273 2101 322 2188 (P.
338 2100 426 2189 897).
451 2139 488 2150 —
515 2102 572 2187 (ἵ.
596 2101 709 2166 scribit
730 2100 885 2185 Iulianus,
909 2102 937 2166 si
961 2103 1049 2168 missi
1068 2101 1094 2164 in

96 2193 331 2273 possessionem
375 2192 485 2256 damni
526 2191 635 2256 infecti
677 2190 776 2254 simus
818 2193 851 2254 et
892 2194 968 2256 ante
1010 2208 1092 2277 quen

95 2280 259 2364 possidere
289 2280 484 2361 iuberemur,
518 2300 577 2364 ego
607 2279 747 2343 insulam
775 2278 909 2361 fulsere,
942 2283 1092 2364 sumptum

95 2370 193 2434 istum
227 2370 387 2434 communi
419 2368 592 2433 dividundo
625 2366 743 2432 iudicio
776 2369 931 2452 consequi
963 2391 1014 2434 me
1039 2383 1092 2432 non

94 2457 209 2541 posse?
255 2457 293 2522 D.
315 2460 364 2536 10,
383 2460 413 2540 3,
430 2459 462 2541 4,
480 2454 525 2543 4).
570 2457 625 2521 sed
653 2455 682 2519 si
713 2477 764 2520 res
791 2477 857 2519 non
884 2455 1091 2522 defenderetur

95 2551 128 2610 et
154 2547 225 2611 ideo
253 2545 333 2610 iussi
361 2568 471 2611 sumus
499 2568 519 2610 a
545 2550 691 2628 praetore
720 2565 773 2608 eas
802 2544 895 2609 aedes
923 2535 1090 2629 possidere¹

95 2639 128 2698 et
155 2658 193 2698 ex
221 2635 282 2699 hoc
307 2635 481 2699 dominium
506 2655 616 2698 earum
639 2633 910 2716 nanciscemur,
938 2627 1089 2719 respondit

94 2722 251 2789 Proculus
280 2724 441 2788 communi
469 2722 640 2787 dividundo
664 2721 781 2785 iudicio
804 2725 932 2805 partem
956 2723 1024 2788 eius
1042 2720 1087 2783 im·

94 2833 212 2895 pensae
236 2833 287 2876 me
311 2816 515 2876 servaturum
540 2833 619 2876 esse.

184 2905 672 2983 FragnientuminResponsorum
681 2904 778 2980 capite
789 2922 888 2963 errore
899 2898 1086 2965 omissumnt

184 2989 235 3055 80.
258 2988 297 3055 D.
307 2990 359 3068 30,
369 2991 399 3068 2,
410 2991 462 3055 32.
503 2989 603 3052 Gaius
627 2988 708 3052 libro
732 2987 906 3052 vicensimo
932 2973 1086 3054 octavoad

95 3077 232 3142 edictum
255 3078 449 3163 provinciale
469 3075 517 3164 (P.
532 3075 622 3162 371).
642 3113 683 3122 —
703 3123 727 3140 ..
752 3077 780 3139 si
802 3098 883 3140 unas
905 3077 1000 3142 aedes
1019 3089 1085 3140 com·

95 3188 205 3232 munes
230 3172 334 3232 tecum
357 3167 457 3231 habui
479 3188 599 3250 eaeque
621 3165 735 3231 vitium
759 3164 882 3228 faciant
903 3170 937 3229 et
954 3168 1035 3231 circa
1048 3176 1084 3222 re*

94 3255 266 3321 sectionem
293 3277 403 3319 earum
427 3277 552 3319 cessare
576 3252 727 3334 ridearis,
755 3254 858 3316 nostri
880 3257 1084 3337 praeceptores

95 3350 216 3428 negant·
238 3365 350 3408 cavere
374 3347 406 3406 le
430 3342 551 3427 debere,
575 3343 650 3425 quia
672 3342 741 3423 ipse
764 3341 894 3405 reficere
916 3341 1034 3426 possim
1048 3352 1084 3398 r&

167 3490 179 3537 1
209 3482 292 3537 Lanel
320 3481 351 3536 P.
370 3486 422 3536 89⁷
450 3481 502 3535 ait:
532 3479 695 3535 ‘verisimile
723 3480 767 3532 est
793 3478 934 3534 Iulianum
961 3462 1083 3536 interdicti

95 3554 183 3620 Quem
203 3551 318 3608 mudum
337 3552 505 3607 mentionem
525 3550 644 3608 lecisse’.
