2422 3976
353 188 379 237 4.
399 181 429 238 0.
444 180 590 237 caestus
608 181 791 239 LONGINUS
919 223 922 227 -
1035 183 1078 248 47

155 346 210 410 41.
232 343 273 410 D.
286 344 336 425 19,
346 347 377 429 2,
386 345 438 412 32.
479 345 623 410 Iulianus
648 346 731 411 libro
755 351 871 432 quarto
891 368 929 411 ex
948 345 1080 412 Minicio

66 432 114 520 (P.
134 431 227 520 865).
254 471 298 483 -
326 432 389 510 Qui
419 434 556 499 fundum
583 434 751 500 colendum
777 435 812 499 in
838 435 949 519 plures
977 457 1080 500 annos

66 523 244 605 locaverat,
276 522 415 588 decessit
442 527 475 588 et
502 545 573 587 eum
601 522 738 588 fundum
765 524 896 609 legavit.
946 520 1079 589 Cassius

64 612 202 696 negavit
228 633 324 694 posse
352 611 425 696 cogi
448 612 613 692 colonum,
639 615 677 676 ut
700 632 772 676 enm
795 613 930 677 fundum
953 613 1080 697 coleret,

65 702 142 785 quia
169 698 253 764 nihil
280 700 408 765 heredis
435 699 616 766 interesset.
663 701 749 785 quod
773 701 801 764 ei
824 703 957 767 colonus
979 701 1081 766 vellet

65 791 173 855 colere
192 793 227 853 et
244 789 285 854 ab
306 811 353 877 eo,
376 789 427 854 oui
446 790 573 875 legatus
593 794 678 853 esset
696 788 824 871 fundus,
843 789 1080 874 prohiberetur,

65 900 137 943 cnm
165 876 284 942 herede
312 878 474 943 actionem
502 878 650 943 colonum
677 877 810 958 habere,
838 883 871 942 et
898 879 959 943 hoc
982 877 1080 943 detri-

64 971 212 1031 mentum
246 966 285 1031 ad
316 966 468 1032 heredem
500 967 676 1050 pertinere,
710 966 806 1031 sicuti
837 968 865 1030 si
898 967 970 1049 quis
1002 988 1081 1052 rem,

64 1078 165 1141 quam
201 1054 400 1120 vendidisset
430 1054 567 1120 necdum
598 1055 798 1140 tradidisset,
838 1055 896 1119 alii
928 1055 1079 1140 legasset,

63 1144 159 1210 heres
183 1145 252 1208 eius
276 1144 414 1229 emptori
437 1152 469 1208 et
492 1144 651 1229 legatario
675 1148 761 1208 esset
783 1142 958 1229 obligatus.

389 1327 436 1386 Dc
457 1327 632 1386 habitatione
654 1327 756 1400 lecolo.

154 1447 208 1512 42.
237 1445 277 1510 D.
298 1447 350 1528 34,
370 1446 401 1529 3,
424 1446 474 1512 18.
529 1445 648 1510 Paulus
680 1445 764 1510 libro
795 1466 882 1510 nono
916 1445 957 1509 ad
986 1443 1080 1510 Plan·

63 1536 146 1601 tium
172 1532 220 1620 (P.
242 1532 351 1621 1172).
386 1571 424 1580 -
462 1531 595 1598 Cassius
624 1532 766 1609 ‚Etiam
790 1535 818 1599 si
846 1534 1008 1599 habitatio
1041 1556 1079 1600 eo

64 1623 123 1712 (sc.
149 1619 291 1710 sinendi)
327 1623 423 1689 modo
452 1623 562 1708 legata
596 1626 681 1686 esset
714 1619 760 1708 (ei
791 1622 846 1708 qni
878 1622 1014 1687 fundum
1046 1624 1080 1687 in

65 1713 321 1799 quinquennium
364 1708 588 1798 conduxerat),
629 1713 808 1797 gratuitam
844 1711 1079 1777 habitationem

63 1802 159 1868 heres
187 1805 352 1886 praestare
381 1801 519 1866 deberet.
567 1802 614 1881 [et
640 1804 807 1884 praeterea
834 1800 956 1884 placuit
983 1822 1078 1885 agere

64 1913 163 1976 posse
186 1891 339 1955 colonum
360 1911 432 1954 cum
452 1888 568 1953 herede
587 1910 626 1952 ex
644 1892 848 1973 testamento,
870 1893 907 1953 ut
925 1889 1080 1954 liberetur

65 1979 296 2064 conductione,
319 1978 405 2064 quod
427 1978 607 2042 rectissime
630 1976 769 2058 dicitur}

156 2099 346 2176 Quamquam
359 2099 563 2174 fragmentum
578 2097 785 2156 aTriboniano
800 2098 969 2158 confectum
982 2100 1081 2158 totum

65 2188 170 2248 Cassio
202 2188 394 2263 attribuitur,
425 2190 528 2246 tamen
559 2187 655 2245 altera
686 2204 756 2262 pars
784 2186 871 2244 Pauli
904 2187 1004 2262 potius
1036 2186 1079 2247 vi·

63 2278 154 2337 detur
177 2295 249 2338 esse.

426 2367 594 2448 Defende
617 2367 721 2450 tecam

153 2493 208 2558 43.
233 2490 272 2557 D.
287 2492 340 2575 35,
354 2492 384 2576 2,
397 2493 440 2556 49
450 2515 498 2576 pr.
543 2491 634 2556 Idem
658 2489 716 2579 (sc.
737 2488 871 2577 Paulus)
894 2492 979 2556 libro
1004 2491 1080 2556 duo·

65 2582 190 2646 decimo
221 2582 261 2645 ad
288 2579 453 2645 Plautium
481 2578 530 2666 (P.
551 2576 661 2666 1188).
689 2617 731 2625 -
760 2580 905 2644 Plautius
934 2629 941 2644 .
971 2578 1079 2663 Servo,

66 2691 162 2754 quem
180 2669 244 2734 tibi
262 2670 456 2753 legaveram,
474 2669 608 2733 fundum
628 2670 745 2754 legavi.
782 2668 957 2732 Atilicinus
972 2668 1080 2734 Nerva

65 2757 206 2824 Sabinus
242 2759 382 2842 primum
419 2759 454 2822 in
488 2779 580 2822 servo
613 2760 770 2822 rationem
803 2756 886 2841 legis
918 2756 1080 2822 Falcidiae

65 2846 250 2912 habendam
274 2851 307 2911 et
330 2850 429 2931 quota
451 2869 526 2932 pars
549 2868 587 2911 ex
607 2868 644 2911 eo
664 2845 839 2928 decederet,
863 2850 1080 2929 campartem

64 2937 99 3000 in
126 2936 229 3001 fundo
258 2935 366 3019 legato
394 2935 541 3000 inutilem
565 2934 722 3018 futuram,
750 2934 861 2998 deinde
886 2956 925 2998 ex
947 2934 1079 3019 reliquis

64 3024 216 3109 partibus
243 3023 334 3088 fundi
361 3024 445 3110 legis
469 3023 629 3089 Falcidiae
657 3022 841 3108 portionem
869 3023 1080 3103 decessurum,

66 3113 151 3178 sicut
179 3136 219 3178 ex
247 3113 398 3177 omnibus
426 3113 552 3196 legatis.
598 3109 742 3194 Cassius,
770 3111 856 3196 quod
884 3134 975 3177 servo
1003 3134 1080 3196 pars

65 3202 138 3287 lege
157 3200 302 3267 Falcidia
320 3201 464 3285 decedat,
481 3201 620 3284 incipere
641 3222 767 3265 servum
787 3201 857 3264 fieri
876 3221 1079 3266 communem

64 3290 194 3355 heredis
214 3294 248 3354 et
262 3290 421 3375 legatarii,
440 3290 603 3355 communi
618 3293 725 3353 autem
741 3311 833 3354 servo
849 3311 921 3354 cum
936 3289 1079 3371 legatum
1153 3292 1155 3296 ‘

66 3379 119 3464 sit,
132 3383 240 3445 totum
255 3379 414 3463 pertinere
427 3378 466 3442 ad
478 3381 610 3463 socium,
623 3378 743 3464 quiain
753 3399 790 3442 ee
800 3399 938 3461 persona
949 3372 1080 3458 <s01a>1

136 3559 151 3607 1
172 3553 221 3611 Π.
238 3554 270 3608 in
289 3569 352 3608 eam
370 3568 525 3623 personam.
