2422 3976
101 117 167 182 310
202 117 235 171 v.
254 115 403 171 unsrun
423 115 470 171 ar
490 98 642 173 tuemur
661 115 767 173 usne.
786 115 884 172 rurus
904 116 1082 173 corsuum

188 282 218 346 3.
241 279 281 345 D.
291 279 398 361 ibide
411 281 438 344 1.
460 315 499 326 -
521 277 583 344 Sed
607 281 686 345 etsi
705 284 835 344 curator
854 302 874 345 a
892 283 997 345 matre
1015 284 1112 347 testa·

99 372 208 433 mento
233 368 327 433 datus
352 369 395 433 sit
417 369 492 434 filiis
517 369 595 453 eius,
616 369 745 434 decreto
769 369 982 434 confirmatur
1005 392 1044 435 ex
1067 371 1112 435 in·

98 457 280 542 quisitione.

514 587 622 645 Liber
644 586 698 647 IV.

468 687 518 754 De
539 688 743 754 seruatum.

185 796 216 860 4.
240 794 278 859 D.
290 795 319 878 8,
329 794 442 878 3,2pr.
483 792 639 859 Neratius
662 794 746 860 libro
768 799 883 880 quarto
903 794 1111 880 Regularum.

98 919 140 933 ··-
155 884 362 952 Rustieorum
381 882 585 968 praediorum
605 883 776 948 servitutes
792 888 880 948 sunt:
894 883 993 949 lieere
1015 885 1110 950 altius

97 974 212 1039 tollere
236 978 268 1037 et
292 972 419 1037 officere
442 971 734 1057 praetoriorum,
758 973 809 1037 vel
829 972 975 1038 oloaoam
993 968 1110 1039 habers

98 1063 195 1128 liuere
214 1084 272 1147 per
290 1061 387 1126 vieini
406 1061 537 1125 domum
556 1060 608 1125 vel
626 1062 834 1145 praetorium,
857 1062 910 1126 vel
927 1066 1108 1146 protectum

96 1150 216 1217 habere
240 1151 342 1216 licere.
878 1225 880 1228 ι

185 1239 215 1305 5.
238 1238 278 1304 D.
288 1238 435 1318 ibid.§1.
457 1274 495 1284 -
519 1238 631 1321 Aquae
656 1236 769 1302 duetus
793 1241 826 1302 et
847 1237 985 1303 haustus
1010 1261 1106 1325 aquae

122 1350 157 1393 er
180 1329 316 1393 eundem
338 1329 445 1392 locum
468 1330 505 1390 ut
525 1325 669 1409 dueatur,
693 1326 790 1391 etiam
810 1327 959 1411 pluribus
979 1325 1105 1394 concedi

97 1352 151 1504 fin
169 1417 240 1480 iure
259 1413 370 1502 aedil)
388 1418 507 1500 potest.
531 1418 639 1499 potest
657 1415 767 1497 etiarn,
785 1421 822 1480 ut
841 1415 978 1481 diversis
999 1417 1104 1482 diebus

99 1507 149 1569 vel
172 1505 261 1569 horis
286 1505 430 1570 dueatur.
477 1505 504 1568 si
528 1524 630 1587 aquae
649 1503 762 1569 duetus
781 1505 832 1568 vel
851 1504 990 1570 haustus
1008 1526 1103 1590 aquae

97 1593 261 1658 sufficiens
290 1596 354 1677 est,
381 1597 489 1678 potest
517 1597 549 1656 et
575 1593 722 1676 pluribus
757 1614 814 1676 per
841 1593 978 1658 eundem
1006 1594 1101 1660 locum

98 1683 229 1747 eoneedi
251 1678 301 1767 (in
323 1681 392 1746 iure
416 1680 532 1767 aedil),
555 1704 577 1746 u
614 1686 648 1745 et
669 1682 785 1746 iisdem
809 1682 924 1747 diebus
946 1683 999 1749 vel
1020 1681 1099 1747 horis

96 1770 239 1836 dueatur.

519 1881 627 1940 Liber
648 1881 684 1940 V.

326 1982 376 2049 De
398 1983 586 2066 adaquando
608 2003 712 2048 rerum
734 1984 880 2048 dominio.

184 2092 214 2155 6.
245 2089 286 2154 D.
299 2090 353 2173 41,
370 2095 398 2170 1,
414 2090 464 2155 15.
506 2087 596 2153 Idem
617 2086 675 2173 (se.
695 2085 863 2175 Neratius)
887 2090 972 2155 libro
995 2089 1090 2174 quinto
1133 2114 1135 2165 2

94 2177 302 2263 Regularum.
328 2213 369 2225 -·
395 2178 458 2254 Qui
481 2227 511 2242 ..
534 2179 569 2242 in
597 2179 667 2261 ripa
695 2177 837 2242 fluminis
861 2178 1018 2261 aedificat,
1038 2195 1089 2240 non
1118 2180 1126 2204 ⁶

96 2290 190 2332 suum
213 2268 302 2333 faci-t.

186 2359 214 2422 7.
238 2356 277 2421 D.
288 2357 340 2437 41,
351 2357 380 2437 3,
390 2357 442 2420 40.
484 2353 637 2418 Neratius
661 2354 745 2418 libro
770 2355 883 2438 quinto
902 2356 1086 2440 Regularum.
1130 2366 1135 2431 g

96 2481 138 2492 -
149 2444 306 2530 Coeptam
320 2444 549 2528 usucapionem
564 2442 743 2507 adefuncto
754 2465 849 2526 posse
860 2449 893 2508 et
903 2452 978 2510 ante
988 2444 1085 2509 aditam

94 2534 306 2599 hereditatem
329 2533 457 2617 impleri
480 2531 692 2596 constitutum
715 2537 773 2595 est.

510 2732 619 2791 Liber
644 2732 694 2792 VI.

391 2835 441 2899 De
463 2836 611 2916 emptione
633 2835 808 2898 venditione.

184 2941 213 3003 8.
236 2940 483 3024 D.41‚1‚13pr.
519 2937 673 3003 Neratius
693 2938 775 3002 libro
796 2944 887 3004 sexto
902 2940 1084 3028 Regularum.

98 3065 135 3074 -
167 3026 200 3092 Si
229 3033 418 3112 procurator
445 3051 513 3092 rem
542 3028 621 3092 mihi
648 3029 763 3091 emerit
791 3050 829 3092 ex
858 3032 1010 3096 mandato
1031 3042 1084 3092 meo

97 3119 187 3202 eique
212 3118 254 3181 sit
277 3117 397 3181 tradita
421 3140 492 3182 meo
516 3117 660 3199 nomine,
683 3117 860 3180 dominium
885 3120 966 3184 mihi
987 3118 1031 3204 [id
1051 3113 1086 3178 erl

95 3208 293 3292 proprietas]
319 3205 498 3289 adquiritur
521 3206 619 3269 etiam
642 3207 815 3290 ignoranti.

183 3297 212 3360 9.
237 3294 275 3359 D.
290 3294 368 3357 ibid.
383 3297 402 3374 ξ
420 3296 447 3359 1.
475 3332 512 3340 -
535 3294 580 3358 Et
602 3297 692 3359 tutor
715 3294 830 3377 pupilli
854 3297 997 3381 pupillae
1018 3288 1086 3359 simi·

95 3384 171 3448 liter
203 3389 240 3448 ut
271 3390 461 3467 procurator
495 3383 626 3447 emendo
658 3383 789 3447 nomine
819 3386 936 3469 pupilli
962 3381 1086 3471 pupillae
1132 3412 1135 3445 ι

94 3474 327 3556 proprietatem
351 3471 416 3536 illis
440 3470 581 3556 adquirit
604 3472 701 3535 etiam
724 3472 962 3555 ignorantibus.
