2422 3976
345 203 371 253 4.
391 197 420 254 C.
434 197 581 255 casellis
600 198 783 256 uouemus
1032 204 1074 268 75

392 388 542 454 Mandoti
564 390 609 454 oet
631 395 746 456 conta.

460 509 508 569 De
528 511 675 570 mundato

151 619 202 683 14.
225 617 476 698 61613161.-
492 618 657 685 Cum..ia
672 620 825 685 cu1recte
843 621 1074 709 mandaverim,

77 724 211 788 egressus
238 668 337 772 fuerit
363 708 496 773 mandat
482 712 565 790 t,um
595 728 656 793 ego
684 708 812 792 quidem
841 714 972 774 eatenus
1001 732 1074 776 cum

75 814 102 858 eo
131 795 236 861 habeo
270 796 414 861 mandati
445 796 620 881 actionem,
651 800 810 882 quatenus
841 818 913 862 mea
940 797 1076 866 interest

10 903 15 913 ·
71 881 203 968 inplease
226 906 301 950 eum
323 884 571 970 mandatum,
544 907 572 950 6ι
596 885 691 951 modo
715 885 839 971 inplere
859 886 1016 971 potuerit3
1040 891 1076 953 at

68 970 114 1037 1116
142 994 271 1038 mecum
300 993 394 1058 agere
420 936 1074 1058 661166166111666661616666661116

68 1060 130 1146 tibi,
151 1065 191 1127 61
214 1062 306 1126 verbi
329 1064 435 1147 gratia
457 1061 593 1127 1666616
615 1061 696 1127 mihi
721 1061 878 1127 sestertiis
897 1060 922 1127 (1
944 1085 1076 1143 emeres,

65 1152 94 1213 16
115 1151 278 1216 6661661116
302 1148 355 1216 ch
378 1151 507 1236 emeris,
533 1173 600 1216 non
623 1150 759 1215 habebis
782 1172 907 1215 mecum
929 1151 1075 1216 mandati

10 1272 12 1277 ·
63 1239 231 1321 actionem,
255 1239 385 1304 etiamsi
402 1240 488 1304 tanti
505 1239 585 1305 velis
603 1239 684 1303 mihi
704 1239 780 1303 (lare
798 1237 942 1323 fundum,
984 1240 1077 1305 uanti

61 1261 1075 1482 6666666611616666666666666661666666661666616

59 1437 165 1499 pacui

423 1521 475 1608 {De
497 1529 708 1588 ratihabitione.
783 1590 784 1593 Ἴ

150 1645 202 1712 15.
227 1645 512 1732 1).43,16,1,14.
558 1645 718 1730 Ulpianus
742 1646 825 1712 libro
849 1648 1074 1734 sexagensimo

56 1758 142 1802 nono
168 1735 211 1800 ad
234 1735 374 1801 edictum
397 1733 448 1823 (Ρ.
459 1732 569 1822 1524).
592 1771 634 1782 -
720 1735 894 1801 secundum
917 1735 1074 1813 Sabinum

59 1830 91 1889 et
109 1822 272 1908 Caesium,
291 1824 347 1909 qui
364 1823 631 1890 ratihabitionem
650 1823 803 1889 mandato
823 1829 1012 1908 comparant

450 2025 553 2100 Empti
574 2028 690 2086 venditi.

79 2114 90 2136 Ο

147 2145 200 2210 16.
234 2142 304 2208 Gai.
319 2144 349 2223 3,
365 2145 437 2210 147.
462 2179 501 2190 -
527 2144 763 2229 ..quaeritur,
790 2146 819 2209 61
845 2166 916 2210 cum
946 2145 1075 2210 aurifice

56 2233 138 2298 mihi
170 2193 373 2317 convenerit,
406 2233 483 2297 ut
473 2255 502 2297 1s
536 2255 573 2297 ex
607 2253 686 2297 auro
719 2254 778 2297 suo
810 2234 890 2299 certi
922 2232 1075 2318 ponderis

56 2326 230 2406 certaeque
266 2319 390 2385 formae
424 2321 538 2386 anulos
570 2322 650 2386 mihi
681 2320 869 2407 16666616
852 2323 1077 2424 aetcceperit

56 2410 148 2475 verbi
172 2413 249 2495 grat
250 2409 283 2474 ia
234 2409 447 2474 tdenarios
467 2407 583 2493 66161
584 2433 656 2474 rum
676 2410 798 2493 emptio
820 2414 853 2474 61
871 2409 992 2474 vendit
967 2414 1014 2474 tro
1034 2431 1076 2473 an

56 2499 179 2565 locatio
199 2501 234 2563 et
252 2498 423 2563 conductio
442 2520 502 2563 con
504 2499 660 2564 trahatur.
700 2495 900 2564 (16661661
853 2503 900 2563 art
919 2497 1075 2562 materiae

57 2587 187 2671 quidem
208 2587 404 2671 emptionem
423 2586 704 2671 venditionumque
723 2587 884 2671 contrahi,
904 2584 1075 2671 operarum

56 2679 169 2741 autem
191 2675 387 2740 locationem
411 2679 444 2740 61
466 2676 721 2741 conductionem.

436 2875 541 2936 Locati
562 2876 701 2935 66666611.

149 2995 201 3060 11.
225 2992 267 3058 D.
282 2993 333 3077 19,
347 2994 377 3076 2,
393 2993 443 3078 19,
459 2996 487 3059 1.
527 2992 688 3076 Ulpianus
705 2994 790 3059 libro
813 2994 1004 3078 trigensimo
1029 3016 1076 3059 66-

58 3083 165 3150 cundo
195 3082 236 3147 ad
265 3081 404 3147 edictum
432 3080 483 3169 (P.
502 3079 592 3166 951).
618 3117 660 3129 -
685 3080 719 3148 si
746 3083 817 3167 quis
845 3083 931 3148 (16116
958 3083 1077 3148 vitiosa

58 3172 195 3257 ignarus
216 3171 383 3254 locaverit,
405 3169 520 3235 deinde
539 3172 650 3235 vinum
669 3170 837 3254 effluxerit,
858 3171 1024 3236 tenebitur
1041 3172 1076 3234 in

59 3260 92 3326 id
115 3260 203 3346 quod
226 3261 363 3324 interest
383 3280 443 3323 nec
466 3259 651 3343 ignorantia
674 3259 741 3324 cius
766 3261 829 3324 erit
852 3261 1017 3341 excusata3
1044 3261 1077 3322 61

57 3348 104 3414 ita
127 3347 263 3415 0666166
285 3347 423 3432 scripsit.

148 3469 337 3547 Fragmenta
369 3467 405 3528 de
431 3466 574 3526 mandato
607 3470 638 3526 61
669 3468 897 3545 ratihabitione,
933 3466 1005 3524 item
1040 3466 1076 3524 de

62 3558 212 3634 emptione
246 3561 278 3619 61
304 3555 451 3617 locatione
479 3557 608 3615 fortasse
631 3556 705 3615 iuris
741 3557 837 3616 civilis
868 3553 953 3614 libris
990 3554 1077 3614 attri-
