2422 3976
151 174 216 238 376
253 174 286 228 V.
306 174 455 228 NERVAE
473 172 521 227 ET
540 173 694 228 TRAIANI
711 172 817 230 TEMP.
835 173 932 229 IURIS
951 171 1133 230 consum

153 358 246 403 servo
261 337 409 423 quamvis
422 358 489 402 non
504 337 622 421 omnia,
641 337 800 423 quaedam
812 340 923 402 tamen
936 336 1022 401 circa
1036 336 1169 420 parturis

152 425 397 492 custodiendum
420 425 556 492 arbitrio
579 426 739 510 praetoris
762 447 833 491 esse
857 425 1070 491 concedenda

242 537 370 600 Servum
392 537 430 597 ab
453 556 487 599 eo
505 538 681 597 institutum
697 539 825 598 fortasse
843 536 947 598 Aristo
965 539 1094 616 spectat,
1117 538 1167 615 qui

152 626 315 686 facultates
337 645 406 686 suas
430 629 583 703 suspectas
606 626 697 686 habet
719 618 799 708 (Gai.
815 617 944 709 2,154),
968 627 1089 704 dequo
1112 626 1165 686 Sa·

153 715 257 775 binum
274 734 391 794 quoque
411 715 520 775 dixisse
536 715 668 775 vidimus
687 707 732 797 (H
748 718 765 775 1
780 736 809 792 p.
825 708 913 797 352).
944 715 1049 792 agitur
1066 718 1165 775 autem

153 805 191 864 de
209 804 464 865 senatusconsulti
482 803 646 881 Planciani,
664 803 850 880 Vespasiani,
868 806 904 864 ut
921 803 1051 881 videtur,
1068 807 1163 875 aetate

153 893 227 953 facti
248 893 417 969 praeceptis
440 886 490 971 (D.
508 894 558 969 25,
574 895 636 970 3,1
661 895 692 952 et
716 895 745 968 3,
760 885 805 974 2).
1078 904 1081 909 “

242 981 391 1059 Ulpianus
406 981 502 1041 addit:
520 976 622 1059 ‘quam
637 981 814 1041 seutentiam
829 984 903 1057 puto
917 1000 1033 1058 veram3
1048 981 1161 1059 publice

29 1067 32 1074 ’
155 1071 234 1130 enim
256 1071 381 1130 interest
403 1072 509 1146 partus
532 1089 592 1131 nou
614 1071 709 1130 subici
797 1069 923 1146 ideoque
947 1071 1041 1129 etiam
1063 1088 1159 1130 servus

154 1159 225 1237 iste,
249 1178 317 1219 cum
340 1153 436 1218 sitin
459 1178 511 1235 spe
535 1159 715 1219 constitutus
739 1159 947 1235 successionis,
971 1158 1157 1237 qualisqualis

155 1248 208 1327 sit,
231 1247 320 1308 debet
343 1248 442 1307 audiri
464 1268 528 1308 rem
551 1251 582 1306 et
603 1248 755 1323 publicam
779 1250 809 1307 et
833 1266 917 1308 suam
940 1241 1069 1326 gerens’.

567 1454 618 1520 De
641 1456 756 1539 doctu.

554 1585 602 1644 Dc
624 1586 770 1645 codicillis.

245 1687 275 1749 4.
299 1684 339 1749 D.
354 1685 406 1771 29,
422 1687 451 1771 7,
465 1687 496 1751 9.
541 1685 715 1751 Marcellus
738 1685 822 1751 libro
846 1707 933 1751 nono
956 1685 1149 1772 Digestorum

158 1773 206 1857 (P.
228 1771 316 1860 118).
345 1810 387 1820 -
416 1775 528 1839 Aristo
561 1775 694 1859 negavit
725 1774 834 1840 valere
864 1774 1033 1841 codicillos
1060 1775 1148 1840 abeo

157 1863 276 1945 factos,
298 1863 354 1948 qui
376 1863 633 1946 paterfamilias
656 1884 715 1928 nec
737 1885 779 1927 ne
803 1866 902 1947 esset,
925 1863 1114 1948 ignorasset.

247 1973 419 2050 Sequuntur
437 1975 523 2035 haec:
543 1970 702 2051 ‘Ulpianus
720 1976 820 2034 notat:
838 1974 899 2034 nisi
917 1977 1078 2036 veteranus
1095 1971 1149 2044 frit

157 2067 230 2124 tuuc
254 2064 333 2123 enim
357 2066 388 2122 et
410 2066 624 2123 testamentum
647 2055 782 2123 valebit?

483 2259 537 2317 ‘De
558 2261 714 2333 usufructu
737 2260 837 2334 loquio.

247 2360 291 2425 5⁸.
315 2358 390 2424 Vat.
409 2359 446 2424 fr.
466 2362 486 2440 ξ
502 2361 543 2425 88
568 2359 655 2444 (Uip.
668 2359 793 2424 LXVII
807 2361 847 2425 ad
858 2358 932 2424 sah.
955 2359 991 2425 P.
1002 2359 1110 2445 2570).
1123 2389 1152 2404 -

159 2448 304 2513 Iulianus
329 2448 446 2513 subicit
465 2447 597 2512 Sextum
621 2471 747 2533 quoque
765 2449 981 2532 Pomponium
999 2450 1122 2535 referre,
1135 2443 1154 2510 si

158 2560 217 2621 per
230 2536 471 2602 damnationem
490 2560 566 2601 usus
586 2538 707 2602 fructus
721 2538 835 2622 <cum>
849 2536 959 2602 liberis
980 2541 1073 2604 uxori
1087 2540 1155 2634 lege
1199 2578 1202 2589 ·

38 2691 43 2702 ,
159 2632 221 2708 tur,
242 2626 405 2711 singulare
428 2625 490 2690 hoc
514 2648 582 2690 esse
607 2631 702 2710 atque
725 2626 797 2691 ideo
816 2627 862 2690 fili
881 2648 1055 2709 personam
1074 2631 1156 2692 matu
1200 2624 1202 2629 ’

160 2715 345 2799 <accedere,
376 2737 416 2780 ue
449 2715 518 2779 sine
546 2715 656 2778 liberis
686 2715 726 2780 ad
754 2738 848 2779 usum
876 2716 1019 2780 fructum
1047 2713 1158 2798 mater>

162 2803 333 2886 accederet,
352 2825 411 2868 uec
428 2825 498 2867 esse
512 2803 697 2888 legatarios,
717 2803 771 2868 sed
786 2807 890 2868 matre
905 2811 1037 2870 mortua
1050 2806 1157 2870 liberos

161 2890 254 2973 quasi
279 2890 412 2958 heredes
443 2913 536 2956 usum
564 2892 704 2957 fructum
732 2893 910 2958 habituros.
958 2915 1035 2980 ego,
1066 2892 1158 2978 inquit

159 2977 373 3064 Pomponius,
402 3003 520 3065 quaero
528 3032 535 3061 ,
563 2980 641 3064 quid
670 2983 698 3045 si
723 2980 816 3045 mixti
839 2980 959 3045 fuerint
983 2983 1094 3048 liberis
1115 3003 1158 3045 ex·

160 3068 264 3132 tranei
284 3069 439 3133 heredes?
476 3068 551 3152 <et>
570 3070 615 3134 ait
633 3070 717 3134 filios
735 3093 793 3154 pro
813 3069 979 3154 legatariis
1004 3070 1158 3136 habendos

162 3160 195 3220 et
221 3157 342 3221 mortui
368 3161 494 3241 partem
521 3158 739 3243 interituram,
766 3157 956 3223 Aristonem
985 3164 1093 3225 autem
1115 3157 1159 3222 ad·

161 3249 274 3311 notare
297 3245 377 3309 haec
400 3268 477 3310 vera
500 3268 578 3310 esse.

251 3351 296 3418 5¹³.
320 3350 358 3415 D.
374 3353 402 3434 7,
418 3353 446 3433 2,
462 3353 490 3417 8.
530 3352 689 3437 Ulpianus
713 3355 796 3419 libro
820 3356 958 3438 septimo
983 3356 1104 3421 decimo
1125 3350 1159 3416 ad
1186 3408 1191 3416 .

164 3437 328 3505 Sabinum.
354 3477 392 3485 -
418 3438 451 3504 Si
476 3441 602 3504 mulieri
626 3464 698 3506 cum
721 3442 830 3508 liberis
855 3445 922 3509 suis
946 3467 1025 3510 usus
1048 3445 1159 3508 fructus

162 3527 297 3613 legetur,
320 3529 447 3593 amissis
466 3529 575 3594 liberis
595 3552 632 3594 ea
651 3553 744 3596 usum
763 3533 904 3598 fructum
923 3535 1037 3619 habet3
1061 3532 1113 3598 sed
1133 3531 1159 3592 et
