2422 3976
455 156 479 207 r.
498 150 687 210 raoconus
1012 158 1077 223 163

76 315 140 395 [nisi
165 317 275 380 tamen
297 317 430 398 paratus
454 314 498 380 sit
519 317 642 400 petitor
663 317 734 400 pati
756 318 871 383 tollere
895 341 968 385 eum
991 322 1076 387 aedi·

74 403 177 471 ficium.
228 402 314 488 quod
347 408 379 468 et
410 404 444 468 in
476 426 551 469 area
578 407 669 469 uxori
698 406 818 471 donata
843 429 902 490 per
928 409 1076 494 iudicem,

72 494 118 578 qui
148 494 187 558 de
215 493 291 558 dote
323 493 504 578 cognoscit,
531 492 712 558 faciendum
742 495 913 579 dixerunt}
963 499 1018 563 sed
1047 499 1076 564 si

70 601 196 665 puerum
223 603 346 662 meum,
374 602 445 646 cum
468 580 664 665 possideres,
692 583 864 666 erudisses,
896 608 962 650 non
989 588 1075 653 idem

69 670 297 736 observandum
318 667 475 735 Proculus
501 671 679 754 existimat,
708 672 784 756 quia
813 675 942 757 [neque]
967 697 1075 741 carere

67 780 153 825 servo
176 780 250 825 meo
271 758 381 842 <non>
404 758 538 823 debeam
563 761 635 840 [nee
657 763 767 844 potest
789 762 966 827 remedium
989 764 1073 830 idem

66 847 221 928 adhiberi,
244 846 329 931 quod
352 849 388 911 in·
409 868 485 912 area
507 848 668 932 diximus}

147 943 184 1002 cf.
202 941 328 1001 Pernice
350 933 403 1018 11²,
418 943 481 1001 383
492 941 513 1000 f.

149 1026 225 1090 100.
247 1025 287 1090 D.
302 1025 354 1108 22,
370 1027 399 1109 1,
414 1025 509 1108 19pr.
555 1022 656 1089 Gaius
679 1026 762 1090 libro
787 1031 878 1091 sexto
903 1027 942 1091 ad
966 1029 1073 1114 legem

61 1113 230 1180 duodecim
261 1113 448 1178 tabularum
480 1111 529 1199 (P.
552 1110 643 1199 440).
669 1151 714 1160 -
743 1113 933 1199 Videamus,
966 1139 1007 1182 an
1038 1120 1072 1184 iu

60 1203 210 1268 omnibus
233 1202 329 1268 rebus
352 1202 464 1287 petitis
487 1203 522 1266 in
545 1200 670 1267 fructus
695 1225 820 1288 quoque
841 1205 1073 1272 condemnatur

58 1312 304 1376 possessor
328 1291 456 1356 sinsus
480 1291 602 1354 fructus
625 1293 746 1375 petitus
771 1293 822 1375 sit,
846 1292 1001 1359 Proculus
1026 1297 1074 1360 ait

57 1382 90 1447 in
113 1380 241 1446 fructus
264 1384 434 1464 perceptos
457 1380 674 1444 condemnari.

149 1469 223 1535 101.
259 1467 298 1532 D.
317 1470 347 1549 5,
366 1468 509 1552 3,40pr.
559 1468 678 1532 Paulus
711 1469 793 1534 libro
826 1471 1000 1538 vicensimo
1031 1474 1071 1539 ad

57 1558 199 1624 edictum
227 1555 278 1644 (P.
296 1557 386 1640 322).
414 1593 453 1604 -
484 1556 570 1620 Illud
597 1605 627 1620 ..
655 1557 741 1642 quod
773 1558 806 1621 in
835 1561 980 1625 oratione
1007 1560 1072 1635 divi

56 1647 220 1713 Hadriani
252 1650 316 1728 est,
345 1651 383 1710 ut
413 1649 490 1729 post
522 1650 690 1729 acceptum
722 1646 876 1712 iudicium
907 1648 939 1713 id
970 1651 1072 1716 actori

56 1739 254 1821 praestetur,
282 1735 368 1818 quod
395 1734 565 1799 habiturus
593 1739 692 1818 esset,
721 1735 748 1798 si
776 1757 814 1800 eo
840 1742 984 1821 tempore
1008 1760 1071 1823 quo

55 1825 141 1908 petit
174 1823 328 1889 restituta
361 1826 447 1888 esset
473 1821 649 1906 hereditas,
681 1824 841 1888 interdum
871 1826 984 1891 durum
1013 1833 1071 1892 est.

55 1913 134 1998 quid
163 1961 209 1997 ..,
236 1913 264 1977 si
290 1915 367 1996 post
394 1912 485 1976 litem
513 1915 731 1976 contestatam
758 1914 918 1997 mancipia
946 1920 1002 1980 aut
1024 1918 1071 1981 iu-

55 2006 167 2067 menta
200 2006 257 2066 aut
287 2022 405 2084 pecora
436 2000 651 2084 deperierint?
685 2001 831 2066 damnari
865 2003 993 2068 debebit
1021 2026 1072 2069 se-

54 2091 197 2156 cundum
225 2091 323 2154 verba
346 2089 518 2172 orationis,
546 2089 622 2172 quia
645 2088 752 2172 potuit
774 2091 896 2172 petitor
918 2094 1072 2159 restituta

55 2177 239 2244 hereditate
276 2178 463 2242 distraxisse
500 2199 547 2241 ea.
606 2181 639 2241 et
675 2177 737 2243 hoc
773 2181 893 2244 iustum
931 2203 1000 2246 esse
1036 2184 1071 2248 in

56 2268 256 2353 specialibus
273 2266 485 2351 petitionibus
499 2264 637 2331 Proculo
655 2265 771 2350 placet.
808 2266 941 2333 Cassius
959 2275 1071 2335 contra

56 2356 167 2422 sensit

146 2450 184 2510 cf.
203 2447 340 2508 Cassium
361 2469 390 2524 p.
406 2451 456 2508 64.

287 2601 338 2668 Dc
359 2604 548 2685 adquirendo
570 2623 674 2667 rerum
696 2604 858 2668 dominio.-

150 2710 222 2774 102.
250 2709 290 2774 D.
305 2712 357 2794 41,
373 2710 403 2791 1,
416 2711 457 2775 21
469 2732 517 2793 pr.
561 2708 760 2793 Pomponius
788 2709 871 2775 libro
898 2709 1068 2777 undecimo

55 2799 95 2864 ad
123 2797 282 2865 Sabinum
310 2797 360 2884 (P.
379 2794 482 2883 574⁸).
506 2834 548 2844 —
576 2795 611 2862 si
639 2820 749 2862 servus
777 2820 866 2864 meus
894 2800 955 2863 tibi
984 2801 1069 2865 bona

55 2887 118 2953 fide
148 2887 286 2952 serviret
310 2890 342 2950 et
365 2908 432 2951 rem
456 2886 587 2951 emisset
609 2886 791 2970 traditaque
815 2885 844 2951 ei
867 2891 965 2972 esset,
990 2888 1068 2955 Pro-

55 2977 147 3042 culus
179 2996 238 3040 nec
270 2997 375 3040 meam
407 2975 490 3059 fieri,
522 2975 597 3058 quia
630 2996 754 3039 servum
784 2997 849 3040 non
875 2978 1068 3061 possideam,

53 3086 113 3131 nec
141 3068 248 3146 tuam,
275 3064 303 3128 si
331 3085 396 3127 non
422 3085 461 3128 ex
483 3085 518 3127 re
541 3067 599 3128 tua
622 3064 665 3127 sit
687 3068 810 3147 parata.
856 3065 912 3129 sed
935 3067 963 3129 si
985 3066 1069 3129 liber

55 3152 228 3218 bonafide
251 3151 314 3216 tibi
336 3152 478 3216 serviens
502 3152 627 3236 emerit,
650 3151 753 3235 ipsius
776 3153 855 3218 fieri.

148 3242 220 3306 103.
253 3239 292 3306 D.
306 3241 359 3320 41,
374 3240 403 3322 1,
417 3241 470 3324 27,
483 3242 512 3305 2.
550 3239 747 3324 Pomponius
771 3242 854 3307 libro
877 3243 1066 3324 trigensimo

56 3331 97 3396 ad
121 3328 280 3396 Sabinum
303 3325 353 3416 (P.
369 3327 457 3414 750).
483 3365 521 3376 -
547 3324 643 3414 (Dum
670 3333 779 3412 partes
808 3332 943 3396 duorum
970 3329 1068 3394 domi·

56 3440 174 3484 norum
203 3418 376 3482 ferrumine
403 3415 612 3504 cohaereant)
639 3466 671 3484 ..
700 3420 727 3482 si
753 3424 870 3483 neutra
897 3419 991 3481 alteri
1019 3440 1067 3483 ac·

58 3506 199 3574 cessioni
222 3510 285 3592 est,
309 3506 489 3593 videamus,
511 3527 551 3570 ne
574 3510 632 3570 aut
653 3506 818 3592 utriusque
842 3528 911 3571 esse
935 3506 1067 3572 dicenda

854 3608 908 3662 11*
