2422 3976
94 184 160 252 4212
196 186 229 242 v.
248 184 398 240 NERVAE
417 186 465 240 ea
484 185 637 241 semem
654 184 763 240 aem.
780 146 879 242 imus
898 185 1085 244 cassiam

93 349 217 429 batia,
240 350 316 431 qaia
337 350 404 414 sine
425 349 473 414 tis
491 349 537 414 ati
554 369 664 432 carpus
681 370 744 414 nan
758 354 864 431 potest.
911 355 1011 416 eetera
1031 373 1115 435 qnae

92 440 137 504 ad
156 438 352 521 disciplinam
374 440 526 519 pertinent
548 438 644 522 tepaia
665 459 729 503 nan
750 439 954 504 eontinentur.

323 604 371 663 ae
392 604 493 677 raas
514 605 552 663 as
574 608 647 677 aaa
669 603 783 663 Rana
804 608 880 664 aa.

185 714 235 778 11.
258 712 298 777 D.
312 713 364 797 32,
379 714 430 778 84.
470 711 640 777 Iavolenus
659 712 743 779 libro
763 713 902 779 seeundo
923 736 962 780 ex
983 713 1113 783 Cassio.

94 838 136 848 —
161 800 221 868 Oni
246 823 324 884 qnae
350 801 468 866 Ranae
494 806 590 867 essent
616 802 714 884 lepata
740 807 826 886 sunt,
852 803 881 867 ei
907 805 1005 869 etidm
1032 803 1115 888 qnae

92 891 246 1045 ffltdad
277 898 383 956 eansa'
402 892 437 955 in
468 890 585 955 terreis
615 895 704 956 entra
733 891 837 956 arbem
863 894 1000 974 reposita
1028 900 1113 980 sant,

315 1073 361 1132 De
383 1074 484 1148 tepatis
505 1074 559 1133 snt
582 1075 744 1133 condicione
765 1074 881 1134 rdietis.

185 1185 234 1248 12.
259 1183 299 1248 Ι).
309 1183 362 1265 35,
373 1185 401 1265 1,
411 1184 462 1249 68.
494 1183 666 1248 Iavolenus
680 1183 765 1247 libro
779 1182 919 1248 seeundo
934 1183 1111 1251 excessio.

89 1309 136 1352 Χ-
161 1269 195 1336 Si
213 1274 260 1336 ite
281 1273 424 1357 legatum
443 1276 528 1336 esset
545 1271 652 1355 <...>
667 1270 751 1336 ‘eum
770 1272 938 1357 nubserit’,
958 1274 988 1338 si
1007 1279 1111 1359 nupta

93 1361 192 1426 fuerit
221 1361 342 1425 ethos
371 1364 511 1425 testator
538 1362 666 1442 scisset,
699 1361 838 1425 alterum
860 1363 1109 1428 matrimonium

93 1447 172 1515 esse¹
208 1450 458 1533 exspectandum
494 1448 638 1533 nihilque
669 1445 853 1530 interesse²,
890 1453 1003 1515 utrum
1037 1452 1108 1517 vivo

94 1540 249 1602 testatore
273 1560 316 1601 an
338 1542 414 1620 post
437 1542 574 1602 mortem
597 1559 635 1601 ea
658 1537 777 1601 iterum
799 1538 955 1603 nubserit.

184 1626 235 1691 13.
262 1624 301 1691 Ι).
320 1627 372 1709 35,
393 1630 421 1710 1,
440 1626 483 1691 54
490 1648 536 1709 pr.
586 1625 756 1691 Iavolenus
785 1626 869 1690 libro
898 1629 1043 1694 secundo
1070 1649 1106 1693 ex

94 1712 216 1780 Cassia
239 1751 276 1759 —
296 1713 335 1779 Si
356 1717 426 1797 qais
444 1716 552 1797 tapeta,
575 1716 684 1797 qnibns
701 1716 765 1780 dies
782 1716 925 1796 adposita
943 1736 1009 1781 nan
1026 1721 1104 1800 esset,

93 1824 202 1867 anana
224 1802 308 1868 tirna
331 1807 425 1868 trina
447 1805 497 1869 die
518 1806 590 1869 dari
612 1804 704 1868 inssit
725 1808 754 1868 et
774 1804 883 1885 atiani,
913 1804 995 1870 ‘eam
1012 1805 1102 1888 pntes

93 1891 187 1974 esset’,
212 1893 375 1973 peenniarn
399 1894 520 1975 depavit,
543 1895 578 1957 id
598 1913 713 1975 qaoque
736 1893 867 1975 tepatam
890 1914 1002 1959 annna
1024 1895 1100 1959 bima

90 1977 190 2046 ¹trirna
211 1983 260 2045 die
275 1987 349 2064 past
364 1983 556 2064 pubertatem
573 1983 798 2063 praestandam
820 2001 882 2046 esse
903 1982 940 2047 in
959 2003 1097 2060 mennae:

94 2071 186 2136 tariis
205 2068 284 2135 Gaii
305 2072 453 2152 scripturn
476 2075 526 2154 est,
550 2072 624 2152 qnia
647 2071 745 2153 napis
767 2072 902 2135 eandieia
925 2092 1020 2153 qnam
1041 2071 1096 2136 dies

93 2161 189 2241 tepata
220 2161 339 2224 adiecta
370 2165 451 2224 esset.
500 2164 607 2223 eontra
633 2180 684 2240 epa
710 2161 818 2242 sentia,
851 2161 927 2241 qnia
952 2162 1016 2241 fere
1041 2160 1093 2223 aas

88 2250 220 2333 panitnr
236 2250 280 2312 ad
294 2250 492 2331 prorepanda
510 2269 555 2327 ea,
577 2269 655 2329 qnae
673 2249 716 2312 ad
726 2268 875 2330 praesens
894 2253 1020 2330 tempas,
1040 2265 1090 2311 nan

93 2339 186 2401 etiarn
213 2359 291 2419 qnae
320 2339 353 2400 in
377 2338 521 2418 fntnrnni
550 2338 648 2418 tepata
674 2342 759 2420 sant,
792 2338 912 2420 diesqae
932 2335 1088 2420 pniertatr's

92 2426 182 2490 nabet
203 2426 342 2508 aliqnarn
365 2428 509 2508 temporis
531 2427 821 2490 demonstrationem

185 2515 233 2579 14.
260 2513 300 2577 D.
320 2514 396 2578 ibid.
415 2517 434 2594 ξ
452 2517 478 2578 1.
504 2551 549 2559 -
576 2514 705 2578 Daatns
731 2515 834 2578 eadern
861 2535 923 2597 res,
950 2517 979 2579 si
1003 2507 1085 2577 ted
1140 2578 1141 2603 3

93 2608 213 2668 eentnrn
230 2605 388 2685 dedissent,
408 2605 506 2685 tepata
525 2609 576 2668 est.
616 2605 645 2668 si
662 2604 740 2666 atter
758 2623 795 2666 en
812 2602 862 2668 ns
881 2599 1082 2685 qainqnapinta
1139 2615 1141 2688 f

93 2693 221 2769 dederit,
245 2697 366 2773 partera
390 2693 481 2774 tepati
503 2697 696 2773 eonsepnetnr
719 2696 747 2755 et
763 2712 843 2773 pars
865 2694 943 2776 eins,
967 2692 1018 2772 qni
1035 2701 1080 2751 nrt

93 2781 221 2863 dederit,
244 2782 335 2845 atteri
358 2802 426 2846 enrn
448 2802 506 2846 sna
529 2781 700 2845 condicione
723 2781 875 2844 adereseit.

507 2980 615 3039 Liber
637 2980 693 3038 ΙΠ.

506 3097 555 3162 De
578 3100 693 3181 tepatis.

470 3220 516 3277 De
539 3237 609 3278 area
632 3221 734 3293 tepata

185 3329 234 3393 15.
256 3326 295 3392 D.
311 3330 362 3410 31,
377 3330 428 3394 39.
460 3329 550 3393 Idem
570 3327 626 3414 (se.
641 3328 828 3413 Iavolenus)
847 3329 932 3395 libro
949 3325 1032 3392 tertia
1047 3329 1073 3376 0¹

95 3415 217 3482 Cassio.
245 3453 289 3462 —
318 3416 356 3482 Si
387 3439 476 3482 areae
508 3420 623 3500 depatae
647 3423 720 3500 post
750 3422 961 3483 testamentum
984 3412 1074 3496 fadum
1140 3483 1141 3489 ἵ

166 3562 179 3608 1
203 3557 277 3611 Trib.
296 3556 359 3611 erit.
431 3563 447 3611 2
469 3558 543 3613 Trtb.
561 3557 697 3612 intererit.
