2422 3976
101 187 166 251 366
203 185 237 240 V.
256 184 407 239 NERVAE
425 184 473 239 ΕΤ
491 185 644 240 TRAIANI
662 184 769 241 ΤΕΜΡ,
788 185 886 242 IURIS
905 184 1086 242 CONSULTI

98 348 270 415 admodum
298 353 409 433 posset
434 349 525 434 iungi
549 348 710 413 sententia
732 348 869 413 duorum
893 355 964 414 tam
988 349 1114 421 diversa

97 438 304 504 censentium.
353 437 455 520 adque
488 438 567 502 adeo
598 437 751 520 permitte
779 437 862 502 mihi
891 437 937 503 sic
968 440 1055 523 apud
1082 446 1115 506 te

96 533 263 610 tamquam
290 527 349 609 ibi,
373 527 420 591 sic
443 530 575 609 peracta
596 547 631 589 re
654 530 822 610 tamquam
847 526 953 592 adhue
977 527 1115 616 integra,

96 616 256 680 rationem
288 615 398 679 iudicii
430 615 494 679 mei
520 615 664 699 reddere,
697 636 841 700 quaeque
869 620 949 681 tune
977 620 1114 703 carptim

97 704 209 769 multis
241 704 502 788 obstrepentibus
536 703 602 767 dixi
632 725 718 768 nunc
750 725 808 788 per
841 705 943 769 otium
972 706 1115 792 iungere.

95 793 257 879 fingamus
286 799 353 858 tres
381 792 512 856 omnino
540 792 660 857 iudices
687 792 721 856 in
750 792 834 858 hanc
863 815 998 859 eausam
1023 796 1114 862 datos

96 902 175 962 esse,
193 881 309 945 horum
328 881 384 945 uni
397 881 559 965 placuisse
573 881 678 964 perire
692 881 837 966 libertos,
856 882 952 947 alteri
965 885 1113 971 relegari,

95 971 192 1035 tertio
212 970 349 1035 absolvi:
372 975 524 1034 utrumne
543 969 720 1034 sententiae
740 970 821 1035 duae
840 971 972 1038 collatis
992 975 1111 1039 viribus

95 1059 304 1124 novissimam
342 1057 524 1142 periment?
579 1080 621 1122 an
658 1059 834 1144 separatim
868 1081 934 1125 una
968 1084 1110 1149 quaeque

95 1148 287 1212 tantundem
315 1152 470 1230 quantum
495 1147 597 1212 altera
621 1147 755 1232 valebit,
782 1170 841 1213 nec
864 1150 972 1234 magis
995 1152 1110 1237 poterit

96 1258 169 1302 cum
193 1236 331 1302 secunda
353 1237 460 1319 prima
481 1236 605 1300 conecti
624 1258 723 1321 quam
742 1237 882 1302 secunda
901 1259 976 1303 cum
995 1239 1109 1306 tertia?

95 1325 195 1410 igitur
217 1325 251 1389 in
275 1333 389 1389 senatu
412 1346 537 1410 quoque
561 1326 724 1390 numerari
742 1329 910 1411 tamquam
929 1330 1106 1394 contrariae

96 1413 215 1480 debent
238 1435 319 1497 quae
342 1416 508 1499 tamquam
532 1414 676 1479 diversae
700 1413 859 1480 dicuntur.
960 1419 1017 1483 sed
1037 1417 1106 1503 quid

96 1523 156 1588 ego
180 1502 296 1567 similis
318 1501 467 1567 docenti?
509 1523 583 1566 cum
607 1502 730 1568 discere
753 1505 850 1568 velim
871 1527 910 1569 an
932 1507 1104 1571 sententias

95 1591 209 1676 dividi,
238 1613 277 1655 an
307 1591 347 1654 iri
369 1590 402 1655 in
427 1591 571 1677 singulas
596 1593 785 1675 oportuerit
831 1594 961 1676 optinui
985 1595 1102 1680 quidem

98 1680 183 1763 quod
221 1680 442 1764 postulabam3
477 1679 581 1745 nihilo
618 1681 725 1747 minus
757 1686 867 1746 tamen
901 1705 1036 1769 quaero,
1068 1704 1102 1747 an

94 1768 261 1852 postulare
281 1768 453 1832 debuerim.
491 1769 761 1852 quemadmodum
779 1770 930 1853 optinui?
968 1775 1024 1857 qui
1037 1773 1101 1838 ulti·

95 1879 185 1921 mum
215 1857 408 1941 supplicium
436 1859 626 1922 sumendum
651 1879 721 1922 esse
744 1860 912 1942 censebat,
938 1861 1047 1928 nescio
1068 1881 1100 1925 au

96 1945 176 2031 iure,
198 1950 285 2011 certe
307 1946 471 2030 aequitate
492 1945 722 2029 postulationis
742 1969 832 2013 meae
852 1948 968 2035 vietus,
993 1949 1100 2016 omissa

97 2036 260 2099 sententia
283 2057 341 2100 sua
365 2035 501 2099 accessit
523 2035 694 2120 releganti3
718 2037 838 2101 veritus
863 2037 991 2104 scilieet
1012 2061 1058 2123 ne,
1077 2035 1098 2101 si

96 2122 315 2188 dividerentur
345 2124 538 2207 sentcntiae,
571 2125 654 2207 quod
684 2125 804 2210 alioqui
832 2125 903 2190 fore
931 2128 1098 2206 videbatur,

95 2235 132 2276 ea
152 2235 233 2296 quae
253 2212 466 2277 absolvendos
486 2234 556 2277 esse
575 2215 728 2278 censebat
746 2236 880 2279 numero
896 2217 1097 2298 praevaleret.

95 2302 212 2365 etenim
238 2302 334 2386 longe
358 2301 467 2383 plures
491 2303 526 2364 in
549 2302 610 2366 hac
632 2325 697 2366 una
720 2324 816 2386 quam
839 2304 872 2366 in
898 2304 1025 2371 duabus
1047 2305 1097 2370 sin-

95 2391 179 2475 gulis
200 2393 301 2454 erant.
338 2393 408 2453 tum
427 2389 476 2452 illi
496 2413 622 2474 quoque
642 2391 697 2475 qui
711 2392 904 2456 auctoritate
920 2393 991 2459 eius
1007 2393 1097 2460 trahe·

94 2479 213 2543 bantur
236 2483 423 2543 transeunte
445 2478 503 2543 illo
527 2479 674 2543 destituti
694 2481 896 2563 reliquerunt
916 2483 1096 2548 sententiam

95 2569 135 2632 ab
163 2568 234 2652 ipso
260 2572 390 2633 auctore
415 2567 575 2631 desertam
600 2569 763 2653 secutique
788 2573 864 2632 sunt
887 2572 984 2654 quasi
1007 2579 1096 2637 traus-

93 2657 205 2739 fugam
222 2679 315 2739 quem
330 2655 444 2719 ducem
459 2657 683 2740 sequebantur.
717 2658 763 2721 sic
773 2658 929 2724 extribus
941 2658 1096 2726 sententiis

94 2745 175 2808 duae
198 2745 310 2823 factae,
333 2745 500 2829 tenuitque
525 2767 563 2808 ex
582 2745 705 2809 duabus
725 2746 828 2810 altera
847 2749 948 2811 tertia
968 2750 1097 2834 expulsa,

94 2854 184 2916 quae,
207 2856 279 2898 cum
303 2834 416 2897 ambas
440 2855 590 2916 superare
613 2857 679 2898 non
702 2839 821 2919 posset,
845 2837 947 2920 elegit
972 2840 1013 2902 ab
1036 2844 1096 2902 utra

93 2923 282 2985 vinceretur.
327 2923 407 2985 vale.

183 3013 260 3083 Quid
291 3016 394 3074 Aristo
427 3016 625 3091 rescripserit,
658 3035 837 3094 quamquam
870 3019 1020 3079 traditum
1049 3036 1096 3078 non

93 3109 152 3182 cst,
184 3104 277 3163 nihilo
309 3104 408 3163 minus
436 3104 526 3163 Plinii
553 3105 681 3180 epistula
709 3107 746 3164 ad
775 3106 927 3167 Aristonis
956 3109 1096 3187 ingenium

92 3194 292 3254 definiendum
317 3193 433 3253 attinet

382 3330 432 3395 Dc
454 3332 601 3396 bonorum
618 3338 814 3412 possessione.

181 3456 211 3518 2.
236 3455 397 3537 D.37‚12,
408 3455 437 3520 5.
478 3455 676 3538 Papinianus
699 3456 783 3520 libro
807 3457 980 3522 undecimo
1004 3456 1095 3533 Quae

94 3543 234 3607 stionum
268 3542 316 3625 (P.
343 3541 430 3630 195).
461 3581 500 3589 —
534 3545 636 3609 Divus
670 3544 828 3609 Traianus
862 3547 979 3632 filium,
1012 3564 1094 3632 quem
